<?xml version='1.0'?>
<collection xmlns='http://www.loc.gov/MARC21/slim'
      xmlns:xsi='http://www.w3.org/2001/XMLSchema-instance'
      xsi:schemaLocation="http://www.loc.gov/MARC21/slim http://www.loc.gov/standards/marcxml/schema/MARC21slim.xsd">
      <record>
            <leader>02608cam a22005055i 4500</leader>
            <controlfield tag='001'>9937644003506421</controlfield>
            <controlfield tag='005'>20240910140455.0</controlfield>
            <controlfield tag='008'>950523s1929    mau           000 0 eng d</controlfield>
            <datafield ind1=' ' ind2=' ' tag='035'>
                  <subfield code='a'>(UPB)a1644091</subfield>
            </datafield>
            <datafield ind1=' ' ind2=' ' tag='035'>
                  <subfield code='a'>(CStRLIN)UTBGA1644091-B</subfield>
            </datafield>
            <datafield ind1=' ' ind2=' ' tag='035'>
                  <subfield code='a'>(NjP)3764400-princetondb</subfield>
            </datafield>
            <datafield ind1=' ' ind2=' ' tag='035'>
                  <subfield code='z'>(NjP)Voyager3764400</subfield>
            </datafield>
            <datafield ind1=' ' ind2=' ' tag='035'>
                  <subfield code='z'>(NjP)Voyager3764400</subfield>
            </datafield>
            <datafield ind1=' ' ind2=' ' tag='035'>
                  <subfield code='a'>(OCoLC)ocm03032413</subfield>
            </datafield>
            <datafield ind1=' ' ind2=' ' tag='040'>
                  <subfield code='a'>PSt</subfield>
                  <subfield code='b'>eng</subfield>
                  <subfield code='c'>PSt</subfield>
                  <subfield code='d'>UPB</subfield>
                  <subfield code='d'>NjP</subfield>
            </datafield>
            <datafield ind1='1' ind2=' ' tag='041'>
                  <subfield code='a'>alg</subfield>
                  <subfield code='h'>eng</subfield>
            </datafield>
            <datafield ind1=' ' ind2=' ' tag='043'>
                  <subfield code='a'>n-us-ma</subfield>
            </datafield>
            <datafield ind1=' ' ind2='4' tag='050'>
                  <subfield code='a'>BS345</subfield>
            </datafield>
            <datafield ind1=' ' ind2=' ' tag='090'>
                  <subfield code='b'>094.2 M554 1929</subfield>
            </datafield>
            <datafield ind1='1' ind2=' ' tag='100'>
                  <subfield code='a'>Winship, George Parker,</subfield>
                  <subfield code='d'>1871-1952.</subfield>
                  <subfield code='0'>http://id.loc.gov/authorities/names/n50015326</subfield>
            </datafield>
            <datafield ind1='1' ind2='4' tag='245'>
                  <subfield code='a'>The first American Bible :</subfield>
                  <subfield code='b'>a leaf from a copy of the Bible translated into the Indian language by John Eliot and printed at Cambridge in New England in the 1663. With an account of the translator and his labors, and of the two printers who produced the book /</subfield>
                  <subfield code='c'>by George Parker Winship.</subfield>
            </datafield>
            <datafield ind1=' ' ind2=' ' tag='260'>
                  <subfield code='a'>Boston :</subfield>
                  <subfield code='b'>Printed by D. B. Updike at the Merrymount Press for Charles E. Goodspeed,</subfield>
                  <subfield code='c'>1929.</subfield>
            </datafield>
            <datafield ind1=' ' ind2=' ' tag='300'>
                  <subfield code='a'>20p. ;</subfield>
                  <subfield code='c'>20cm.</subfield>
            </datafield>
            <datafield ind1=' ' ind2=' ' tag='500'>
                  <subfield code='a'>&quot;Edition limited to 157 copies&quot;.</subfield>
            </datafield>
            <datafield ind1=' ' ind2=' ' tag='500'>
                  <subfield code='a'>Specimen leaf mounted and bound preceding p. [5].</subfield>
            </datafield>
            <datafield ind1=' ' ind2=' ' tag='500'>
                  <subfield code='a'>Title within an ornamental border.</subfield>
            </datafield>
            <datafield ind1=' ' ind2=' ' tag='500'>
                  <subfield code='a'>Bound in gilt stamped black calf; two gilt double borders with fleur de lis on the corners; central gilt ornament; spine title.</subfield>
            </datafield>
            <datafield ind1=' ' ind2=' ' tag='500'>
                  <subfield code='a'>Specimen leaf has signature 2U 3, containing verses from I Kings.</subfield>
                  <subfield code='5'>NjP</subfield>
            </datafield>
            <datafield ind1=' ' ind2=' ' tag='500'>
                  <subfield code='a'>&quot;Elmer Adler, Princeton - 1940&quot;--Written in ink on p. [2] of cover.</subfield>
                  <subfield code='5'>NjP</subfield>
            </datafield>
            <datafield ind1=' ' ind2=' ' tag='561'>
                  <subfield code='a'>WHS shelf-list has no record of bookseller; inv. 2.</subfield>
                  <subfield code='5'>NjP</subfield>
            </datafield>
            <datafield ind1=' ' ind2=' ' tag='583'>
                  <subfield code='x'>mlc</subfield>
            </datafield>
            <datafield ind1='1' ind2='0' tag='600'>
                  <subfield code='a'>Johnson, Marmaduke,</subfield>
                  <subfield code='d'>-1674.</subfield>
                  <subfield code='0'>http://id.loc.gov/authorities/names/n85056979</subfield>
            </datafield>
            <datafield ind1='1' ind2='0' tag='600'>
                  <subfield code='a'>Eliot, John,</subfield>
                  <subfield code='d'>1604-1690.</subfield>
                  <subfield code='0'>http://id.loc.gov/authorities/names/n80015550</subfield>
            </datafield>
            <datafield ind1=' ' ind2='0' tag='650'>
                  <subfield code='a'>Printing</subfield>
                  <subfield code='z'>Massachusetts</subfield>
                  <subfield code='z'>Cambridge</subfield>
                  <subfield code='x'>History.</subfield>
            </datafield>
            <datafield ind1=' ' ind2='0' tag='650'>
                  <subfield code='a'>Massachuset language</subfield>
                  <subfield code='v'>Texts.</subfield>
            </datafield>
            <datafield ind1='1' ind2='0' tag='600'>
                  <subfield code='a'>Green, Samuel,</subfield>
                  <subfield code='d'>1615-1702.</subfield>
                  <subfield code='0'>http://id.loc.gov/authorities/names/n87946587</subfield>
            </datafield>
            <datafield ind1=' ' ind2='7' tag='655'>
                  <subfield code='a'>Limitation statements</subfield>
                  <subfield code='2'>rbmscv</subfield>
            </datafield>
            <datafield ind1='1' ind2=' ' tag='700'>
                  <subfield code='a'>Updike, Daniel Berkeley,</subfield>
                  <subfield code='d'>1860-1941,</subfield>
                  <subfield code='e'>printer.</subfield>
                  <subfield code='0'>http://id.loc.gov/authorities/names/n80056743</subfield>
            </datafield>
            <datafield ind1='1' ind2=' ' tag='700'>
                  <subfield code='a'>Adler, Elmer,</subfield>
                  <subfield code='d'>1884-1962,</subfield>
                  <subfield code='e'>former owner.</subfield>
                  <subfield code='5'>NjP</subfield>
                  <subfield code='0'>http://id.loc.gov/authorities/names/n84017511</subfield>
            </datafield>
            <datafield ind1='2' ind2=' ' tag='710'>
                  <subfield code='a'>Merrymount Press,</subfield>
                  <subfield code='e'>printer.</subfield>
                  <subfield code='0'>http://id.loc.gov/authorities/names/n50079907</subfield>
            </datafield>
            <datafield ind1='0' ind2=' ' tag='730'>
                  <subfield code='a'>Bible.</subfield>
                  <subfield code='p'>N.T.</subfield>
                  <subfield code='l'>Massachuset.</subfield>
                  <subfield code='s'>Eliot.</subfield>
                  <subfield code='f'>1661.</subfield>
            </datafield>
            <datafield ind1=' ' ind2=' ' tag='752'>
                  <subfield code='a'>United States</subfield>
                  <subfield code='b'>Massachusetts</subfield>
                  <subfield code='d'>Cambridge.</subfield>
            </datafield>
            <datafield ind1=' ' ind2=' ' tag='902'>
                  <subfield code='a'>jbs</subfield>
                  <subfield code='b'>m</subfield>
                  <subfield code='6'>a</subfield>
                  <subfield code='7'>m</subfield>
                  <subfield code='d'>v</subfield>
                  <subfield code='f'>1</subfield>
                  <subfield code='e'>20021024</subfield>
            </datafield>
            <datafield ind1=' ' ind2=' ' tag='914'>
                  <subfield code='a'>(OCoLC)ocm03032413</subfield>
                  <subfield code='b'>OCoLC</subfield>
                  <subfield code='c'>match</subfield>
                  <subfield code='d'>20240327</subfield>
                  <subfield code='e'>processed</subfield>
                  <subfield code='f'>3032413</subfield>
            </datafield>
            <datafield ind1=' ' ind2=' ' tag='998'>
                  <subfield code='s'>9115</subfield>
            </datafield>
            <datafield ind1=' ' ind2=' ' tag='AVA'>
                  <subfield code='0'>9937644003506421</subfield>
                  <subfield code='8'>22752380930006421</subfield>
                  <subfield code='a'>01PRI_INST</subfield>
                  <subfield code='b'>rare</subfield>
                  <subfield code='c'>William H. Scheide Library</subfield>
                  <subfield code='d'>89.4</subfield>
                  <subfield code='e'>available</subfield>
                  <subfield code='f'>1</subfield>
                  <subfield code='g'>0</subfield>
                  <subfield code='j'>whs</subfield>
                  <subfield code='k'>8</subfield>
                  <subfield code='p'>1</subfield>
                  <subfield code='q'>Special Collections</subfield>
            </datafield>
            <datafield ind1=' ' ind2=' ' tag='AVA'>
                  <subfield code='0'>9937644003506421</subfield>
                  <subfield code='8'>22752380940006421</subfield>
                  <subfield code='a'>01PRI_INST</subfield>
                  <subfield code='b'>rare</subfield>
                  <subfield code='c'>Graphic Arts Collection</subfield>
                  <subfield code='d'>BS345.A2 E6 1929</subfield>
                  <subfield code='e'>check_holdings</subfield>
                  <subfield code='j'>gax</subfield>
                  <subfield code='k'>0</subfield>
                  <subfield code='p'>2</subfield>
                  <subfield code='q'>Special Collections</subfield>
            </datafield>
      </record>