
      <record>
            <leader>01351cam a2200337   4500</leader>
            <controlfield tag='001'>9924403663506421</controlfield>
            <controlfield tag='005'>20240328083405.0</controlfield>
            <controlfield tag='008'>730326s1902    nyu           000 0 eng c</controlfield>
            <datafield ind1=' ' ind2=' ' tag='010'>
                  <subfield code='a'>02028508</subfield>
            </datafield>
            <datafield ind1=' ' ind2=' ' tag='019'>
                  <subfield code='a'>587917</subfield>
                  <subfield code='a'>977971351</subfield>
                  <subfield code='a'>1087219219</subfield>
            </datafield>
            <datafield ind1=' ' ind2=' ' tag='035'>
                  <subfield code='9'>CLK8853TS</subfield>
            </datafield>
            <datafield ind1=' ' ind2=' ' tag='035'>
                  <subfield code='a'>(NjP)2440366-princetondb</subfield>
            </datafield>
            <datafield ind1=' ' ind2=' ' tag='035'>
                  <subfield code='z'>(OCoLC)587917</subfield>
                  <subfield code='z'>(OCoLC)977971351</subfield>
                  <subfield code='z'>(OCoLC)1087219219</subfield>
            </datafield>
            <datafield ind1=' ' ind2=' ' tag='035'>
                  <subfield code='z'>(NjP)Voyager2440366</subfield>
            </datafield>
            <datafield ind1=' ' ind2=' ' tag='035'>
                  <subfield code='a'>(OCoLC)ocm48428959</subfield>
            </datafield>
            <datafield ind1=' ' ind2=' ' tag='040'>
                  <subfield code='a'>WSU</subfield>
                  <subfield code='b'>eng</subfield>
                  <subfield code='c'>WSU</subfield>
                  <subfield code='d'>PUL</subfield>
            </datafield>
            <datafield ind1='1' ind2=' ' tag='041'>
                  <subfield code='a'>eng</subfield>
                  <subfield code='a'>alg</subfield>
            </datafield>
            <datafield ind1=' ' ind2='4' tag='050'>
                  <subfield code='a'>E98.F6</subfield>
            </datafield>
            <datafield ind1='1' ind2=' ' tag='100'>
                  <subfield code='a'>Leland, Charles Godfrey,</subfield>
                  <subfield code='d'>1824-1903.</subfield>
                  <subfield code='0'>http://id.loc.gov/authorities/names/n80038484</subfield>
            </datafield>
            <datafield ind1='1' ind2='0' tag='245'>
                  <subfield code='a'>Kulóskap the master,</subfield>
                  <subfield code='b'>and other Algonkin poems.</subfield>
            </datafield>
            <datafield ind1=' ' ind2=' ' tag='260'>
                  <subfield code='a'>New York,</subfield>
                  <subfield code='b'>Funk &amp; Wagnalls Co.,</subfield>
                  <subfield code='c'>1902.</subfield>
            </datafield>
            <datafield ind1=' ' ind2=' ' tag='300'>
                  <subfield code='a'>370 p.</subfield>
            </datafield>
            <datafield ind1=' ' ind2='0' tag='650'>
                  <subfield code='a'>Algonquian Indians</subfield>
                  <subfield code='v'>Legends.</subfield>
            </datafield>
            <datafield ind1=' ' ind2='0' tag='650'>
                  <subfield code='a'>Indians of North America</subfield>
                  <subfield code='v'>Folklore.</subfield>
                  <subfield code='0'>http://id.loc.gov/authorities/subjects/sh85065270</subfield>
            </datafield>
            <datafield ind1=' ' ind2='0' tag='650'>
                  <subfield code='a'>Passamaquoddy language</subfield>
                  <subfield code='v'>Texts.</subfield>
            </datafield>
            <datafield ind1=' ' ind2='7' tag='655'>
                  <subfield code='a'>Legends.</subfield>
                  <subfield code='2'>lcgft</subfield>
                  <subfield code='0'>http://id.loc.gov/authorities/genreForms/gf2014026407</subfield>
            </datafield>
            <datafield ind1='1' ind2=' ' tag='700'>
                  <subfield code='a'>Prince, John Dyneley,</subfield>
                  <subfield code='d'>1868-1945,</subfield>
                  <subfield code='e'>author.</subfield>
                  <subfield code='0'>http://id.loc.gov/authorities/names/n88658578</subfield>
            </datafield>
            <datafield ind1='0' ind2=' ' tag='852'>
                  <subfield code='b'>f</subfield>
                  <subfield code='h'>E98.F6</subfield>
                  <subfield code='i'>L56 1902</subfield>
                  <subfield code='p'>1591297</subfield>
                  <subfield code='x'>reclassed from: 3825.7.354</subfield>
            </datafield>
            <datafield ind1=' ' ind2=' ' tag='911'>
                  <subfield code='a'>19990813</subfield>
            </datafield>
            <datafield ind1=' ' ind2=' ' tag='914'>
                  <subfield code='a'>(OCoLC)ocm48428959</subfield>
                  <subfield code='b'>OCoLC</subfield>
                  <subfield code='c'>match</subfield>
                  <subfield code='d'>20240327</subfield>
                  <subfield code='e'>processed</subfield>
                  <subfield code='f'>48428959</subfield>
            </datafield>
            <datafield ind1=' ' ind2=' ' tag='945'>
                  <subfield code='a'>EX</subfield>
                  <subfield code='b'>1</subfield>
                  <subfield code='c'>3825.7.354</subfield>
            </datafield>
            <datafield ind1=' ' ind2=' ' tag='AVA'>
                  <subfield code='0'>9924403663506421</subfield>
                  <subfield code='8'>22563388660006421</subfield>
                  <subfield code='a'>01PRI_INST</subfield>
                  <subfield code='b'>recap</subfield>
                  <subfield code='c'>Remote Storage</subfield>
                  <subfield code='d'>E98.F6 L56 1902</subfield>
                  <subfield code='e'>available</subfield>
                  <subfield code='f'>1</subfield>
                  <subfield code='g'>0</subfield>
                  <subfield code='j'>pa</subfield>
                  <subfield code='k'>0</subfield>
                  <subfield code='p'>1</subfield>
                  <subfield code='q'>ReCAP</subfield>
            </datafield>
            <datafield ind1=' ' ind2=' ' tag='AVA'>
                  <subfield code='0'>9924403663506421</subfield>
                  <subfield code='8'>22563388670006421</subfield>
                  <subfield code='a'>01PRI_INST</subfield>
                  <subfield code='b'>annex</subfield>
                  <subfield code='c'>Princeton Collection</subfield>
                  <subfield code='d'>P94.845.028.31</subfield>
                  <subfield code='e'>check_holdings</subfield>
                  <subfield code='j'>princeton</subfield>
                  <subfield code='k'>8</subfield>
                  <subfield code='p'>2</subfield>
                  <subfield code='q'>Forrestal Annex</subfield>
            </datafield>
            <datafield ind1=' ' ind2=' ' tag='AVA'>
                  <subfield code='0'>9924403663506421</subfield>
                  <subfield code='8'>22563388680006421</subfield>
                  <subfield code='a'>01PRI_INST</subfield>
                  <subfield code='b'>rare</subfield>
                  <subfield code='c'>Rare Books</subfield>
                  <subfield code='d'>3825.7.354</subfield>
                  <subfield code='e'>check_holdings</subfield>
                  <subfield code='j'>ex</subfield>
                  <subfield code='k'>8</subfield>
                  <subfield code='p'>3</subfield>
                  <subfield code='q'>Special Collections</subfield>
            </datafield>
      </record>