
      <record>
            <leader>01654cpm a2200325 a 4500</leader>
            <controlfield tag='001'>9934106453506421</controlfield>
            <controlfield tag='005'>20240910143229.0</controlfield>
            <controlfield tag='008'>010817s19uu    xx                  alg^^</controlfield>
            <datafield ind1='8' ind2=' ' tag='024'>
                  <subfield code='a'>Western Americana Ms. (Bound)</subfield>
                  <subfield code='d'>MSF 2028.641.56f</subfield>
            </datafield>
            <datafield ind1=' ' ind2=' ' tag='035'>
                  <subfield code='a'>(NjP)3410645-princetondb</subfield>
            </datafield>
            <datafield ind1=' ' ind2=' ' tag='035'>
                  <subfield code='z'>(NjP)Voyager3410645</subfield>
            </datafield>
            <datafield ind1=' ' ind2=' ' tag='035'>
                  <subfield code='a'>(OCoLC)ocm60355049</subfield>
            </datafield>
            <datafield ind1=' ' ind2=' ' tag='040'>
                  <subfield code='a'>NjP</subfield>
                  <subfield code='b'>eng</subfield>
                  <subfield code='c'>NjP</subfield>
                  <subfield code='e'>appm</subfield>
            </datafield>
            <datafield ind1='0' ind2=' ' tag='041'>
                  <subfield code='a'>alf</subfield>
                  <subfield code='a'>fre</subfield>
            </datafield>
            <datafield ind1='1' ind2=' ' tag='100'>
                  <subfield code='a'>Le Boulanger, Jean Baptiste,</subfield>
                  <subfield code='d'>1685-1740.</subfield>
                  <subfield code='0'>http://id.loc.gov/authorities/names/no2011066257</subfield>
            </datafield>
            <datafield ind1='1' ind2='0' tag='245'>
                  <subfield code='a'>French and Miami-Illinois dictionary :</subfield>
                  <subfield code='k'>photostat,</subfield>
                  <subfield code='f'>[19--?].</subfield>
            </datafield>
            <datafield ind1=' ' ind2=' ' tag='300'>
                  <subfield code='a'>1</subfield>
                  <subfield code='f'>v. (185 leaves) ;</subfield>
                  <subfield code='c'>44 cm.</subfield>
            </datafield>
            <datafield ind1='0' ind2=' ' tag='520'>
                  <subfield code='a'>Photostatic copy of a manuscript dictionary dated ca. 1720. Includes texts of prayers, catechisms, selections from the Gospels, and a large part of the book of Genesis.</subfield>
            </datafield>
            <datafield ind1='1' ind2=' ' tag='535'>
                  <subfield code='a'>John Carter Brown Library, Brown University,</subfield>
                  <subfield code='b'>Providence, Rhode Island.</subfield>
                  <subfield code='3'>Original</subfield>
            </datafield>
            <datafield ind1=' ' ind2=' ' tag='541'>
                  <subfield code='c'>Purchase;</subfield>
                  <subfield code='a'>Annie Rhodes Gulick and Alexander Reading Gulick Memorial Fund.</subfield>
            </datafield>
            <datafield ind1=' ' ind2=' ' tag='545'>
                  <subfield code='a'>Jean Baptiste Le Boulanger was a French missionary priest.</subfield>
            </datafield>
            <datafield ind1=' ' ind2='0' tag='650'>
                  <subfield code='a'>Algonquian languages.</subfield>
                  <subfield code='0'>http://id.loc.gov/authorities/subjects/sh85003485</subfield>
            </datafield>
            <datafield ind1=' ' ind2='0' tag='650'>
                  <subfield code='a'>Illinois language</subfield>
                  <subfield code='v'>Dictionaries</subfield>
                  <subfield code='x'>French.</subfield>
            </datafield>
            <datafield ind1=' ' ind2='0' tag='650'>
                  <subfield code='a'>Indians of North America</subfield>
                  <subfield code='x'>Languages.</subfield>
                  <subfield code='0'>http://id.loc.gov/authorities/subjects/sh85065312</subfield>
            </datafield>
            <datafield ind1=' ' ind2='0' tag='650'>
                  <subfield code='a'>Miami language (Ind. and Okla.)</subfield>
                  <subfield code='v'>Dictionaries</subfield>
                  <subfield code='x'>French.</subfield>
            </datafield>
            <datafield ind1=' ' ind2='7' tag='655'>
                  <subfield code='a'>Stats.</subfield>
                  <subfield code='2'>aat</subfield>
            </datafield>
            <datafield ind1=' ' ind2='7' tag='655'>
                  <subfield code='a'>Dictionaries.</subfield>
                  <subfield code='2'>lcgft</subfield>
                  <subfield code='0'>http://id.loc.gov/authorities/genreForms/gf2014026086</subfield>
            </datafield>
            <datafield ind1=' ' ind2='7' tag='655'>
                  <subfield code='a'>Dictionaries</subfield>
                  <subfield code='2'>rbmscv</subfield>
            </datafield>
            <datafield ind1=' ' ind2=' ' tag='902'>
                  <subfield code='a'>tb</subfield>
                  <subfield code='b'>o</subfield>
                  <subfield code='6'>p</subfield>
                  <subfield code='7'>m</subfield>
                  <subfield code='d'>v</subfield>
                  <subfield code='f'>1</subfield>
                  <subfield code='e'>20010817</subfield>
            </datafield>
            <datafield ind1=' ' ind2=' ' tag='914'>
                  <subfield code='a'>(OCoLC)ocm60355049</subfield>
                  <subfield code='b'>OCoLC</subfield>
                  <subfield code='c'>match</subfield>
                  <subfield code='d'>20240327</subfield>
                  <subfield code='e'>processed</subfield>
                  <subfield code='f'>60355049</subfield>
            </datafield>
            <datafield ind1=' ' ind2=' ' tag='AVA'>
                  <subfield code='0'>9934106453506421</subfield>
                  <subfield code='8'>22529106750006421</subfield>
                  <subfield code='a'>01PRI_INST</subfield>
                  <subfield code='b'>rare</subfield>
                  <subfield code='c'>Manuscripts Collection</subfield>
                  <subfield code='d'>Oversize C0199 no. 1296f</subfield>
                  <subfield code='e'>available</subfield>
                  <subfield code='f'>1</subfield>
                  <subfield code='g'>0</subfield>
                  <subfield code='j'>mss</subfield>
                  <subfield code='k'>8</subfield>
                  <subfield code='p'>1</subfield>
                  <subfield code='q'>Special Collections</subfield>
            </datafield>
      </record>