
      <record>
            <leader>01793cam a2200337   4500</leader>
            <controlfield tag='001'>9925147183506421</controlfield>
            <controlfield tag='005'>20231120133636.0</controlfield>
            <controlfield tag='008'>780503s1887    enk           000 0 eng^^</controlfield>
            <datafield ind1=' ' ind2=' ' tag='010'>
                  <subfield code='a'>25016842</subfield>
            </datafield>
            <datafield ind1='1' ind2=' ' tag='014'>
                  <subfield code='a'>CLV6234TS001</subfield>
            </datafield>
            <datafield ind1='0' ind2=' ' tag='014'>
                  <subfield code='9'>002817283</subfield>
            </datafield>
            <datafield ind1=' ' ind2=' ' tag='035'>
                  <subfield code='9'>CLV6234TS</subfield>
            </datafield>
            <datafield ind1=' ' ind2=' ' tag='035'>
                  <subfield code='a'>(NjP)2514718-princetondb</subfield>
            </datafield>
            <datafield ind1=' ' ind2=' ' tag='035'>
                  <subfield code='a'>(OCoLC)ocm03859520</subfield>
            </datafield>
            <datafield ind1=' ' ind2=' ' tag='035'>
                  <subfield code='z'>(NjP)Voyager2514718</subfield>
            </datafield>
            <datafield ind1=' ' ind2=' ' tag='040'>
                  <subfield code='a'>DLC</subfield>
                  <subfield code='b'>eng</subfield>
                  <subfield code='c'>KKU</subfield>
                  <subfield code='d'>PUL</subfield>
            </datafield>
            <datafield ind1='1' ind2=' ' tag='041'>
                  <subfield code='a'>eng</subfield>
                  <subfield code='a'>alg</subfield>
            </datafield>
            <datafield ind1='0' ind2=' ' tag='050'>
                  <subfield code='a'>PM605</subfield>
                  <subfield code='b'>.H4</subfield>
            </datafield>
            <datafield ind1='1' ind2=' ' tag='100'>
                  <subfield code='a'>Heckewelder, John Gottlieb Ernestus,</subfield>
                  <subfield code='d'>1743-1823.</subfield>
                  <subfield code='0'>http://id.loc.gov/authorities/names/n84123822</subfield>
            </datafield>
            <datafield ind1='1' ind2='0' tag='245'>
                  <subfield code='a'>Comparative vocabulary of Algonquin dialects.</subfield>
                  <subfield code='b'>From Heckewelder&apos;s manuscripts in the collections of the American philosophical society, Philadelphia /</subfield>
                  <subfield code='c'>Printed for the &quot;Alcove of American native languages&quot; in Wellesley college library, by E. N. Horsford.</subfield>
            </datafield>
            <datafield ind1=' ' ind2=' ' tag='260'>
                  <subfield code='a'>Cambridge :</subfield>
                  <subfield code='b'>J. Wilson and son, University Press,</subfield>
                  <subfield code='c'>1887.</subfield>
            </datafield>
            <datafield ind1=' ' ind2=' ' tag='300'>
                  <subfield code='a'>1 p. l., 7 p. ;</subfield>
                  <subfield code='c'>27 x 21 cm</subfield>
            </datafield>
            <datafield ind1=' ' ind2=' ' tag='546'>
                  <subfield code='a'>English, Lenape, Munsee, Mahican, Natick, Chippewa, Shawnee and Nanticoke words in parallel table columns.</subfield>
            </datafield>
            <datafield ind1=' ' ind2=' ' tag='500'>
                  <subfield code='a'>&quot;The manuscript of this work is in the library of the American philosophical society. It is a copy made by Mr. Duponceau, and forms no. xxvii of a collection made by him and recorded in a folio account book, of which it occupies pp. 114-119.&quot;--Pilling, Bibl. of the Algonquin languages, p. 227.</subfield>
            </datafield>
            <datafield ind1='0' ind2=' ' tag='583'>
                  <subfield code='a'>Indigenous Cultures Evergreen Digitization Project</subfield>
                  <subfield code='c'>2022-02</subfield>
                  <subfield code='5'>NjP</subfield>
            </datafield>
            <datafield ind1=' ' ind2='0' tag='650'>
                  <subfield code='a'>Algonquian languages</subfield>
                  <subfield code='v'>Glossaries, vocabularies, etc.</subfield>
            </datafield>
            <datafield ind1=' ' ind2='0' tag='650'>
                  <subfield code='a'>Algonquian languages</subfield>
                  <subfield code='v'>Texts.</subfield>
            </datafield>
            <datafield ind1=' ' ind2=' ' tag='911'>
                  <subfield code='a'>19990912</subfield>
            </datafield>
            <datafield ind1=' ' ind2=' ' tag='945'>
                  <subfield code='a'>EX</subfield>
                  <subfield code='b'>1</subfield>
                  <subfield code='c'>2028.118.441</subfield>
            </datafield>
            <datafield ind1='4' ind2='1' tag='956'>
                  <subfield code='3'>Google Books</subfield>
                  <subfield code='u'>https://books.google.com/books?id=tTgsAAAAYAAJ</subfield>
            </datafield>
            <datafield ind1=' ' ind2=' ' tag='AVA'>
                  <subfield code='0'>9925147183506421</subfield>
                  <subfield code='8'>22740710390006421</subfield>
                  <subfield code='a'>01PRI_INST</subfield>
                  <subfield code='b'>rare</subfield>
                  <subfield code='c'>Rare Books</subfield>
                  <subfield code='d'>2028.118.441</subfield>
                  <subfield code='e'>check_holdings</subfield>
                  <subfield code='j'>ex</subfield>
                  <subfield code='k'>8</subfield>
                  <subfield code='p'>1</subfield>
                  <subfield code='q'>Special Collections</subfield>
            </datafield>
      </record>