
      <record>
            <leader>01909cam a2200349   4500</leader>
            <controlfield tag='001'>9925037643506421</controlfield>
            <controlfield tag='005'>20231120131935.0</controlfield>
            <controlfield tag='008'>741210s1884    quc           000 0 engsc</controlfield>
            <datafield ind1=' ' ind2=' ' tag='010'>
                  <subfield code='a'>03028743</subfield>
            </datafield>
            <datafield ind1='1' ind2=' ' tag='014'>
                  <subfield code='a'>CLU0006TS001</subfield>
            </datafield>
            <datafield ind1='0' ind2=' ' tag='014'>
                  <subfield code='9'>002805793</subfield>
            </datafield>
            <datafield ind1=' ' ind2=' ' tag='035'>
                  <subfield code='9'>CLU0006TS</subfield>
            </datafield>
            <datafield ind1=' ' ind2=' ' tag='035'>
                  <subfield code='a'>(NjP)2503764-princetondb</subfield>
            </datafield>
            <datafield ind1=' ' ind2=' ' tag='035'>
                  <subfield code='a'>(OCoLC)ocm01105647</subfield>
            </datafield>
            <datafield ind1=' ' ind2=' ' tag='035'>
                  <subfield code='z'>(NjP)Voyager2503764</subfield>
            </datafield>
            <datafield ind1=' ' ind2=' ' tag='040'>
                  <subfield code='a'>BUF</subfield>
                  <subfield code='b'>eng</subfield>
                  <subfield code='c'>BUF</subfield>
                  <subfield code='d'>PUL</subfield>
            </datafield>
            <datafield ind1='1' ind2=' ' tag='041'>
                  <subfield code='a'>eng</subfield>
                  <subfield code='a'>alg</subfield>
            </datafield>
            <datafield ind1=' ' ind2='7' tag='041'>
                  <subfield code='a'>eng</subfield>
                  <subfield code='2'>iso639-3</subfield>
            </datafield>
            <datafield ind1='0' ind2=' ' tag='050'>
                  <subfield code='a'>PM551</subfield>
                  <subfield code='b'>.L3</subfield>
            </datafield>
            <datafield ind1='1' ind2=' ' tag='100'>
                  <subfield code='a'>Laurent, Joseph.</subfield>
                  <subfield code='0'>http://id.loc.gov/authorities/names/no2008076781</subfield>
            </datafield>
            <datafield ind1='1' ind2='0' tag='245'>
                  <subfield code='a'>New familiar Abenakis and English dialogues,</subfield>
                  <subfield code='b'>the first ever published on the grammatical system,</subfield>
                  <subfield code='c'>by Jos. Laurent, Abenakis chief.</subfield>
            </datafield>
            <datafield ind1=' ' ind2=' ' tag='260'>
                  <subfield code='a'>Quebec :</subfield>
                  <subfield code='b'>Printed by L. Brousseau,</subfield>
                  <subfield code='c'>1884.</subfield>
            </datafield>
            <datafield ind1=' ' ind2=' ' tag='300'>
                  <subfield code='a'>230 p. ;</subfield>
                  <subfield code='c'>17 cm</subfield>
            </datafield>
            <datafield ind1=' ' ind2=' ' tag='546'>
                  <subfield code='a'>In Abenakis and English.</subfield>
            </datafield>
            <datafield ind1='0' ind2=' ' tag='583'>
                  <subfield code='a'>Indigenous Cultures Evergreen Digitization Project</subfield>
                  <subfield code='c'>2022-02</subfield>
                  <subfield code='5'>NjP</subfield>
            </datafield>
            <datafield ind1=' ' ind2=' ' tag='590'>
                  <subfield code='a'>Added t.-p.: New familiar Abenakis and English dialogues, the first vocabulary ever published in the Abenakis language, comprising: the Abenakis alphabet, the key to the pronunciation and many grammatical explanations, also synoptical illustrations showing the numerous modifications of the Abenakis verb, &amp; c. To which is added the etymology of Indian names, of certain localities, rivers, lakes, &amp; c. &amp; c. Original ed. by Jos. Laurent, Abenakis, chief of the Indian village of St. Francis, P.Q. (Sozap Lolo Kizitogw) 1884.</subfield>
            </datafield>
            <datafield ind1=' ' ind2='0' tag='650'>
                  <subfield code='a'>English language</subfield>
                  <subfield code='x'>Study and teaching</subfield>
                  <subfield code='x'>Abenaki speakers.</subfield>
            </datafield>
            <datafield ind1=' ' ind2='0' tag='650'>
                  <subfield code='a'>Abenaki language</subfield>
                  <subfield code='v'>Texts.</subfield>
                  <subfield code='0'>http://id.loc.gov/authorities/subjects/sh85000179</subfield>
            </datafield>
            <datafield ind1=' ' ind2='0' tag='650'>
                  <subfield code='a'>Names, Indian</subfield>
                  <subfield code='z'>North America.</subfield>
                  <subfield code='0'>http://id.loc.gov/authorities/subjects/sh85065342</subfield>
            </datafield>
            <datafield ind1=' ' ind2=' ' tag='911'>
                  <subfield code='a'>19990912</subfield>
            </datafield>
            <datafield ind1=' ' ind2=' ' tag='945'>
                  <subfield code='a'>EX</subfield>
                  <subfield code='b'>1</subfield>
                  <subfield code='c'>2028.112.567</subfield>
            </datafield>
            <datafield ind1='4' ind2='1' tag='956'>
                  <subfield code='3'>Google Books</subfield>
                  <subfield code='u'>https://books.google.com/books?id=eBRiAAAAMAAJ</subfield>
            </datafield>
            <datafield ind1=' ' ind2=' ' tag='AVA'>
                  <subfield code='0'>9925037643506421</subfield>
                  <subfield code='8'>22520708260006421</subfield>
                  <subfield code='a'>01PRI_INST</subfield>
                  <subfield code='b'>rare</subfield>
                  <subfield code='c'>Rare Books</subfield>
                  <subfield code='d'>2028.112.567</subfield>
                  <subfield code='e'>check_holdings</subfield>
                  <subfield code='j'>ex</subfield>
                  <subfield code='k'>8</subfield>
                  <subfield code='p'>1</subfield>
                  <subfield code='q'>Special Collections</subfield>
            </datafield>
      </record>