
      <record>
            <leader>02055cam a2200421   4500</leader>
            <controlfield tag='001'>9925180693506421</controlfield>
            <controlfield tag='005'>20240910143030.0</controlfield>
            <controlfield tag='008'>790810s1857    nyuf          001 0 alg^^</controlfield>
            <datafield ind1=' ' ind2=' ' tag='010'>
                  <subfield code='a'>16002654</subfield>
            </datafield>
            <datafield ind1='1' ind2=' ' tag='014'>
                  <subfield code='a'>CLW0686TS001</subfield>
            </datafield>
            <datafield ind1='0' ind2=' ' tag='014'>
                  <subfield code='9'>002820751</subfield>
            </datafield>
            <datafield ind1=' ' ind2=' ' tag='035'>
                  <subfield code='9'>CLW0686TS</subfield>
            </datafield>
            <datafield ind1=' ' ind2=' ' tag='035'>
                  <subfield code='a'>(NjP)2518069-princetondb</subfield>
            </datafield>
            <datafield ind1=' ' ind2=' ' tag='035'>
                  <subfield code='z'>(NjP)Voyager2518069</subfield>
            </datafield>
            <datafield ind1=' ' ind2=' ' tag='035'>
                  <subfield code='a'>(OCoLC)ocm05260186</subfield>
            </datafield>
            <datafield ind1=' ' ind2=' ' tag='040'>
                  <subfield code='a'>DLC</subfield>
                  <subfield code='b'>eng</subfield>
                  <subfield code='c'>CWR</subfield>
                  <subfield code='d'>OCL</subfield>
                  <subfield code='d'>PUL</subfield>
            </datafield>
            <datafield ind1='0' ind2=' ' tag='041'>
                  <subfield code='a'>alg</subfield>
                  <subfield code='a'>eng</subfield>
            </datafield>
            <datafield ind1=' ' ind2=' ' tag='050'>
                  <subfield code='a'>PM551</subfield>
                  <subfield code='b'>.Z71 1857</subfield>
            </datafield>
            <datafield ind1='1' ind2=' ' tag='100'>
                  <subfield code='a'>Vetromile, Eugene,</subfield>
                  <subfield code='d'>1819-1881</subfield>
                  <subfield code='e'>comp.</subfield>
                  <subfield code='0'>http://id.loc.gov/authorities/names/n82259235</subfield>
            </datafield>
            <datafield ind1='1' ind2='0' tag='245'>
                  <subfield code='a'>Indian good book</subfield>
                  <subfield code='c'>made by Eugene Vetromile ... for the benefit of the Penobscot, Passamaquoddy, St. John&apos;s, Micmac, and other tribes of the Abnaki Indians. This year one thousand eight hundred and fifty-seven. Old-town Indian village, and Bangor.</subfield>
            </datafield>
            <datafield ind1='3' ind2='1' tag='246'>
                  <subfield code='a'>Alnambay uli awikhigan</subfield>
            </datafield>
            <datafield ind1=' ' ind2=' ' tag='250'>
                  <subfield code='a'>Second ed.</subfield>
            </datafield>
            <datafield ind1=' ' ind2=' ' tag='260'>
                  <subfield code='a'>New York :</subfield>
                  <subfield code='b'>E. Dunigan &amp; Brother (J.B. Kirker),</subfield>
                  <subfield code='c'>1857.</subfield>
            </datafield>
            <datafield ind1=' ' ind2=' ' tag='300'>
                  <subfield code='a'>449 p. :</subfield>
                  <subfield code='b'>front., plates, illustrations ;</subfield>
                  <subfield code='c'>17 cm</subfield>
            </datafield>
            <datafield ind1=' ' ind2=' ' tag='500'>
                  <subfield code='a'>Added t.-p. in Abenaki.</subfield>
            </datafield>
            <datafield ind1=' ' ind2=' ' tag='500'>
                  <subfield code='a'>&quot;Errata&quot; (2 p.) inserted between p. 12 and 13.</subfield>
            </datafield>
            <datafield ind1=' ' ind2=' ' tag='500'>
                  <subfield code='a'>&quot;Roman Catholic prayer book, including service for mass, catechism, hymns, etc., in various dialects of the Abnaki.&quot;--Pilling, Bibl. of the Algonquian languages, p. 507-508.</subfield>
            </datafield>
            <datafield ind1=' ' ind2=' ' tag='546'>
                  <subfield code='a'>In Abenaki. Preface and &quot;Rules&quot; in English.</subfield>
            </datafield>
            <datafield ind1=' ' ind2=' ' tag='500'>
                  <subfield code='3'>Ex copy:</subfield>
                  <subfield code='a'>Evidence for assigned physical description heading(s) discovered by staff during 2014 survey. For more exact details consult book.</subfield>
                  <subfield code='5'>NjP</subfield>
            </datafield>
            <datafield ind1='0' ind2=' ' tag='583'>
                  <subfield code='a'>Indigenous Cultures Evergreen Digitization Project</subfield>
                  <subfield code='c'>2022-02</subfield>
                  <subfield code='5'>NjP</subfield>
            </datafield>
            <datafield ind1=' ' ind2='0' tag='650'>
                  <subfield code='a'>Abenaki language</subfield>
                  <subfield code='v'>Texts.</subfield>
            </datafield>
            <datafield ind1='2' ind2='0' tag='610'>
                  <subfield code='a'>Catholic Church</subfield>
                  <subfield code='v'>Prayers and devotions.</subfield>
                  <subfield code='0'>http://id.loc.gov/authorities/subjects/sh85021160</subfield>
            </datafield>
            <datafield ind1=' ' ind2='7' tag='655'>
                  <subfield code='a'>Prayers.</subfield>
                  <subfield code='2'>lcgft</subfield>
            </datafield>
            <datafield ind1=' ' ind2='7' tag='655'>
                  <subfield code='a'>Printed waste .</subfield>
                  <subfield code='2'>rbmscv</subfield>
            </datafield>
            <datafield ind1=' ' ind2=' ' tag='911'>
                  <subfield code='a'>19990912</subfield>
            </datafield>
            <datafield ind1=' ' ind2=' ' tag='914'>
                  <subfield code='a'>(OCoLC)ocm05260186</subfield>
                  <subfield code='b'>OCoLC</subfield>
                  <subfield code='c'>match</subfield>
                  <subfield code='d'>20240327</subfield>
                  <subfield code='e'>processed</subfield>
                  <subfield code='f'>5260186</subfield>
            </datafield>
            <datafield ind1=' ' ind2=' ' tag='945'>
                  <subfield code='a'>EX</subfield>
                  <subfield code='b'>1</subfield>
                  <subfield code='c'>2028.112.934</subfield>
            </datafield>
            <datafield ind1='4' ind2='1' tag='956'>
                  <subfield code='3'>Google Books</subfield>
                  <subfield code='u'>https://books.google.com/books?id=7PdKAQAAIAAJ</subfield>
            </datafield>
            <datafield ind1=' ' ind2=' ' tag='AVA'>
                  <subfield code='0'>9925180693506421</subfield>
                  <subfield code='8'>22524992180006421</subfield>
                  <subfield code='a'>01PRI_INST</subfield>
                  <subfield code='b'>rare</subfield>
                  <subfield code='c'>Rare Books</subfield>
                  <subfield code='d'>2014-1003N</subfield>
                  <subfield code='e'>available</subfield>
                  <subfield code='f'>1</subfield>
                  <subfield code='g'>0</subfield>
                  <subfield code='j'>ex</subfield>
                  <subfield code='k'>8</subfield>
                  <subfield code='p'>1</subfield>
                  <subfield code='q'>Special Collections</subfield>
            </datafield>
      </record>