
      <record>
            <leader>00997cam a2200277 i 4500</leader>
            <controlfield tag='001'>9925256503506421</controlfield>
            <controlfield tag='005'>20240328075809.0</controlfield>
            <controlfield tag='008'>840403s1830    quc           000 0 alg d</controlfield>
            <datafield ind1='1' ind2=' ' tag='014'>
                  <subfield code='a'>CLX0225TS001</subfield>
            </datafield>
            <datafield ind1='0' ind2=' ' tag='014'>
                  <subfield code='9'>002828613</subfield>
            </datafield>
            <datafield ind1=' ' ind2=' ' tag='035'>
                  <subfield code='9'>CLX0225TS</subfield>
            </datafield>
            <datafield ind1=' ' ind2=' ' tag='035'>
                  <subfield code='a'>(NjP)2525650-princetondb</subfield>
            </datafield>
            <datafield ind1=' ' ind2=' ' tag='035'>
                  <subfield code='z'>(NjP)Voyager2525650</subfield>
            </datafield>
            <datafield ind1=' ' ind2=' ' tag='035'>
                  <subfield code='a'>(OCoLC)ocm10587003</subfield>
            </datafield>
            <datafield ind1=' ' ind2=' ' tag='040'>
                  <subfield code='a'>MSM</subfield>
                  <subfield code='b'>eng</subfield>
                  <subfield code='c'>MSM</subfield>
                  <subfield code='d'>OCL</subfield>
                  <subfield code='d'>PUL</subfield>
            </datafield>
            <datafield ind1=' ' ind2='4' tag='050'>
                  <subfield code='a'>AC1</subfield>
            </datafield>
            <datafield ind1='1' ind2='0' tag='245'>
                  <subfield code='a'>Nihima ayamie-mazinahigna /</subfield>
                  <subfield code='c'>Kanachchatageng.</subfield>
            </datafield>
            <datafield ind1=' ' ind2=' ' tag='260'>
                  <subfield code='a'>Montreal :</subfield>
                  <subfield code='b'>Ludger Duvernay a l&apos;imprimerie de la Minerve,</subfield>
                  <subfield code='c'>1830.</subfield>
            </datafield>
            <datafield ind1=' ' ind2=' ' tag='300'>
                  <subfield code='a'>100 p. ;</subfield>
                  <subfield code='c'>15 cm</subfield>
            </datafield>
            <datafield ind1='0' ind2=' ' tag='583'>
                  <subfield code='a'>Indigenous Cultures Evergreen Digitization Project</subfield>
                  <subfield code='c'>2022-02</subfield>
                  <subfield code='5'>NjP</subfield>
            </datafield>
            <datafield ind1=' ' ind2='0' tag='650'>
                  <subfield code='a'>Algonquin language</subfield>
                  <subfield code='v'>Texts.</subfield>
                  <subfield code='0'>http://id.loc.gov/authorities/subjects/sh85003481</subfield>
            </datafield>
            <datafield ind1=' ' ind2='7' tag='655'>
                  <subfield code='a'>Catechisms.</subfield>
                  <subfield code='2'>lcgft</subfield>
            </datafield>
            <datafield ind1=' ' ind2=' ' tag='911'>
                  <subfield code='a'>19990912</subfield>
            </datafield>
            <datafield ind1=' ' ind2=' ' tag='914'>
                  <subfield code='a'>(OCoLC)ocm10587003</subfield>
                  <subfield code='b'>OCoLC</subfield>
                  <subfield code='c'>match</subfield>
                  <subfield code='d'>20240327</subfield>
                  <subfield code='e'>processed</subfield>
                  <subfield code='f'>10587003</subfield>
            </datafield>
            <datafield ind1=' ' ind2=' ' tag='945'>
                  <subfield code='a'>EX</subfield>
                  <subfield code='b'>1</subfield>
                  <subfield code='c'>2028.118.607</subfield>
            </datafield>
            <datafield ind1='4' ind2='1' tag='956'>
                  <subfield code='3'>HathiTrust</subfield>
                  <subfield code='u'>https://hdl.handle.net/2027/aeu.ark:/13960/t87h2ds1v</subfield>
            </datafield>
            <datafield ind1=' ' ind2=' ' tag='AVA'>
                  <subfield code='0'>9925256503506421</subfield>
                  <subfield code='8'>22613528110006421</subfield>
                  <subfield code='a'>01PRI_INST</subfield>
                  <subfield code='b'>rare</subfield>
                  <subfield code='c'>Rare Books</subfield>
                  <subfield code='d'>2014-0266S</subfield>
                  <subfield code='e'>available</subfield>
                  <subfield code='f'>1</subfield>
                  <subfield code='g'>0</subfield>
                  <subfield code='j'>ex</subfield>
                  <subfield code='k'>8</subfield>
                  <subfield code='p'>1</subfield>
                  <subfield code='q'>Special Collections</subfield>
            </datafield>
      </record>