
      <record>
            <leader>01972cam a2200397u  4500</leader>
            <controlfield tag='001'>9947166113506421</controlfield>
            <controlfield tag='005'>20231120123908.0</controlfield>
            <controlfield tag='008'>060302s1830    mau|||||||||||||| ||alg|d</controlfield>
            <datafield ind1=' ' ind2=' ' tag='035'>
                  <subfield code='a'>(OCoLC)177728830</subfield>
            </datafield>
            <datafield ind1=' ' ind2=' ' tag='035'>
                  <subfield code='a'>(idCotsen)46430</subfield>
            </datafield>
            <datafield ind1=' ' ind2=' ' tag='035'>
                  <subfield code='9'>(cotsenAccess)137773</subfield>
            </datafield>
            <datafield ind1=' ' ind2=' ' tag='035'>
                  <subfield code='a'>(cotsendb)19755</subfield>
            </datafield>
            <datafield ind1=' ' ind2=' ' tag='035'>
                  <subfield code='a'>(NjP)4716611-princetondb</subfield>
            </datafield>
            <datafield ind1=' ' ind2=' ' tag='035'>
                  <subfield code='z'>(NjP)Voyager4716611</subfield>
            </datafield>
            <datafield ind1='1' ind2=' ' tag='041'>
                  <subfield code='a'>alg</subfield>
                  <subfield code='a'>eng</subfield>
            </datafield>
            <datafield ind1=' ' ind2='7' tag='041'>
                  <subfield code='a'>eng</subfield>
                  <subfield code='2'>iso639-3</subfield>
            </datafield>
            <datafield ind1='1' ind2=' ' tag='100'>
                  <subfield code='a'>Wzqkhilain, P.O.</subfield>
            </datafield>
            <datafield ind1='1' ind2='0' tag='245'>
                  <subfield code='a'>Wobanaki Kimzowi Awighigan.</subfield>
            </datafield>
            <datafield ind1=' ' ind2=' ' tag='260'>
                  <subfield code='a'>Boston.</subfield>
                  <subfield code='b'>Crocker and Brewster.</subfield>
                  <subfield code='c'>1830.</subfield>
            </datafield>
            <datafield ind1=' ' ind2=' ' tag='300'>
                  <subfield code='a'>90 p. :</subfield>
                  <subfield code='b'>illus., fdg table (calendar) ;</subfield>
                  <subfield code='c'>14 cm</subfield>
            </datafield>
            <datafield ind1=' ' ind2=' ' tag='500'>
                  <subfield code='a'>Abenaki Spelling Book.</subfield>
            </datafield>
            <datafield ind1=' ' ind2=' ' tag='500'>
                  <subfield code='a'>ANS Boston Jany 15 1831 concerning the book, signed &quot;J-- Pickering&quot; laid in at front of copy 1; ownership &quot;Francis Lieber&quot; on blank facing title, and stamp of New York Mercantile Library on title.</subfield>
            </datafield>
            <datafield ind1=' ' ind2=' ' tag='500'>
                  <subfield code='3'>Copy 2</subfield>
                  <subfield code='a'>lacking calendar. Insc on f. pastedown &quot;Abenaki Learning Book. This book was prepared to learn the Evabanaki or St. Francis Indians the English Language. Awighigan means written or printed paper or book and Kimzowi means learning -- ie Learning Book. It was prepared and the vocabulary made by Peter Ousunkeri who was Educated at Moores Charity School Hanover, NH, he was from the St. Francis tribe.&quot;</subfield>
                  <subfield code='5'>NjP</subfield>
            </datafield>
            <datafield ind1=' ' ind2=' ' tag='546'>
                  <subfield code='a'>In Abenaki and English.</subfield>
            </datafield>
            <datafield ind1=' ' ind2=' ' tag='561'>
                  <subfield code='a'>Pickering, J. (copy 1)</subfield>
                  <subfield code='5'>NjP</subfield>
            </datafield>
            <datafield ind1=' ' ind2=' ' tag='561'>
                  <subfield code='a'>Lieber, Francis</subfield>
                  <subfield code='5'>NjP</subfield>
            </datafield>
            <datafield ind1=' ' ind2=' ' tag='561'>
                  <subfield code='a'>New York Mercantile Library</subfield>
                  <subfield code='5'>NjP</subfield>
            </datafield>
            <datafield ind1=' ' ind2=' ' tag='563'>
                  <subfield code='a'>pub. dull blue bds, leather.</subfield>
            </datafield>
            <datafield ind1='0' ind2=' ' tag='583'>
                  <subfield code='k'>cca.</subfield>
            </datafield>
            <datafield ind1='0' ind2=' ' tag='583'>
                  <subfield code='a'>BIBDATA.LEVEL: Volume 3 -- Ready.</subfield>
            </datafield>
            <datafield ind1='0' ind2=' ' tag='583'>
                  <subfield code='a'>Indigenous Cultures Evergreen Digitization Project</subfield>
                  <subfield code='c'>2022-02</subfield>
                  <subfield code='5'>NjP</subfield>
            </datafield>
            <datafield ind1=' ' ind2='0' tag='650'>
                  <subfield code='a'>Abenaki language</subfield>
                  <subfield code='v'>Readers.</subfield>
            </datafield>
            <datafield ind1=' ' ind2='0' tag='650'>
                  <subfield code='a'>Abenaki language</subfield>
                  <subfield code='v'>Texts.</subfield>
            </datafield>
            <datafield ind1=' ' ind2='0' tag='650'>
                  <subfield code='a'>Abenaki language</subfield>
                  <subfield code='v'>Glossaries, vocabularies, etc.</subfield>
            </datafield>
            <datafield ind1=' ' ind2='0' tag='650'>
                  <subfield code='a'>Abenaki language</subfield>
                  <subfield code='v'>Conversation and phrase books</subfield>
                  <subfield code='x'>English.</subfield>
            </datafield>
            <datafield ind1=' ' ind2='7' tag='655'>
                  <subfield code='a'>Readers (Publications)</subfield>
                  <subfield code='2'>lcgft</subfield>
            </datafield>
            <datafield ind1=' ' ind2=' ' tag='950'>
                  <subfield code='c'>2023-11-21 14:15:03 US/Eastern</subfield>
                  <subfield code='b'>2021-07-12 09:32:45 US/Eastern</subfield>
                  <subfield code='a'>false</subfield>
            </datafield>
            <datafield ind1='4' ind2='1' tag='956'>
                  <subfield code='3'>Internet Archive</subfield>
                  <subfield code='u'>https://archive.org/details/wobanakikimzowia00wzok</subfield>
            </datafield>
            <datafield ind1=' ' ind2=' ' tag='AVA'>
                  <subfield code='0'>9947166113506421</subfield>
                  <subfield code='8'>22492712350006421</subfield>
                  <subfield code='a'>01PRI_INST</subfield>
                  <subfield code='b'>rare</subfield>
                  <subfield code='c'>Cotsen Children&apos;s Library</subfield>
                  <subfield code='d'>Eng 18 46430</subfield>
                  <subfield code='e'>check_holdings</subfield>
                  <subfield code='j'>ctsn</subfield>
                  <subfield code='k'>8</subfield>
                  <subfield code='p'>1</subfield>
                  <subfield code='q'>Special Collections</subfield>
            </datafield>
      </record>