
      <record>
            <leader>02252cam a2200361 a 4500</leader>
            <controlfield tag='001'>9929927233506421</controlfield>
            <controlfield tag='005'>20240328083235.0</controlfield>
            <controlfield tag='008'>810217r17891788enk           000 0 eng d</controlfield>
            <datafield ind1='1' ind2=' ' tag='014'>
                  <subfield code='a'>CPP0776TS001</subfield>
            </datafield>
            <datafield ind1='0' ind2=' ' tag='014'>
                  <subfield code='9'>003308542</subfield>
            </datafield>
            <datafield ind1=' ' ind2=' ' tag='035'>
                  <subfield code='9'>CPP0776TS</subfield>
            </datafield>
            <datafield ind1=' ' ind2=' ' tag='035'>
                  <subfield code='a'>(CStRLIN)RIBR02-B624</subfield>
            </datafield>
            <datafield ind1=' ' ind2=' ' tag='035'>
                  <subfield code='a'>(NjP)2992723-princetondb</subfield>
            </datafield>
            <datafield ind1=' ' ind2=' ' tag='035'>
                  <subfield code='z'>(NjP)Voyager2992723</subfield>
            </datafield>
            <datafield ind1=' ' ind2=' ' tag='035'>
                  <subfield code='a'>(OCoLC)ocm07131412</subfield>
            </datafield>
            <datafield ind1=' ' ind2=' ' tag='040'>
                  <subfield code='a'>OKT</subfield>
                  <subfield code='b'>eng</subfield>
                  <subfield code='e'>dcrb</subfield>
                  <subfield code='c'>RIBRL</subfield>
                  <subfield code='d'>NjP</subfield>
            </datafield>
            <datafield ind1='1' ind2=' ' tag='041'>
                  <subfield code='a'>eng</subfield>
                  <subfield code='a'>alg</subfield>
                  <subfield code='a'>mul</subfield>
            </datafield>
            <datafield ind1=' ' ind2=' ' tag='043'>
                  <subfield code='a'>n-us---</subfield>
                  <subfield code='a'>n-cn---</subfield>
            </datafield>
            <datafield ind1=' ' ind2='4' tag='050'>
                  <subfield code='a'>PM1885</subfield>
            </datafield>
            <datafield ind1=' ' ind2=' ' tag='090'>
                  <subfield code='a'>D789</subfield>
                  <subfield code='b'>.E26o</subfield>
            </datafield>
            <datafield ind1='1' ind2=' ' tag='100'>
                  <subfield code='a'>Edwards, Jonathan,</subfield>
                  <subfield code='d'>1745-1801.</subfield>
                  <subfield code='0'>http://id.loc.gov/authorities/names/n85009098</subfield>
            </datafield>
            <datafield ind1='1' ind2='0' tag='245'>
                  <subfield code='a'>Observations on the language of the Muhhekaneew Indians :</subfield>
                  <subfield code='b'>in which the extent of that language in North-America is shewn, its genius is grammatically traced, some of its peculiarities, and some instances of analogy between that and the Hebrew are pointed out : communicated to the Connecticut Society of Arts and Sciences, and published at the request of the Society /</subfield>
                  <subfield code='c'>by Jonathan Edwards, D.D. pastor of a church in New Haven, and a member of the Connecticut Society of Arts and Sciences.</subfield>
            </datafield>
            <datafield ind1=' ' ind2=' ' tag='260'>
                  <subfield code='a'>[London] :</subfield>
                  <subfield code='b'>New-Haven, printed by Josiah Meigs, 1788; London reprinted by W. Justins, Shoemaker-Row, Blackfriars,</subfield>
                  <subfield code='c'>1789.</subfield>
            </datafield>
            <datafield ind1=' ' ind2=' ' tag='300'>
                  <subfield code='a'>15, [1] p. ;</subfield>
                  <subfield code='c'>21 cm (8vo)</subfield>
            </datafield>
            <datafield ind1=' ' ind2=' ' tag='520'>
                  <subfield code='a'>Primarily a discussion of the Mohegan language and grammar and a lesser discussion of comparative grammar and vocabulary of the Algonquian languages; includes a comparative glossary of words in English, Mohegan and Shawnee, p. 6, and another comparative glossary of words in English, Mohegan and Chippewau, p. 7; includes vocabulary for numerals 1-10 in Mohegan and Mohawk, p. 8; and the Lord&apos;s Prayer in the Mohegan language and in the language of the Six Nations, p. 8-9.</subfield>
            </datafield>
            <datafield ind1=' ' ind2=' ' tag='500'>
                  <subfield code='a'>Signatures: [A]⁸</subfield>
            </datafield>
            <datafield ind1='4' ind2=' ' tag='510'>
                  <subfield code='a'>Sabin</subfield>
                  <subfield code='c'>21971</subfield>
            </datafield>
            <datafield ind1='4' ind2=' ' tag='510'>
                  <subfield code='a'>ESTC (RLIN)</subfield>
                  <subfield code='c'>N68134</subfield>
            </datafield>
            <datafield ind1='4' ind2=' ' tag='510'>
                  <subfield code='a'>Pilling, J.C. Algonquian,</subfield>
                  <subfield code='c'>125</subfield>
            </datafield>
            <datafield ind1='0' ind2=' ' tag='583'>
                  <subfield code='a'>Indigenous Cultures Evergreen Digitization Project</subfield>
                  <subfield code='c'>2022-02</subfield>
                  <subfield code='5'>NjP</subfield>
            </datafield>
            <datafield ind1=' ' ind2='0' tag='650'>
                  <subfield code='a'>Mohegan language</subfield>
                  <subfield code='x'>Grammar</subfield>
                  <subfield code='v'>Early works to 1800.</subfield>
            </datafield>
            <datafield ind1=' ' ind2='0' tag='650'>
                  <subfield code='a'>Algonquian languages</subfield>
                  <subfield code='x'>Grammar, Comparative</subfield>
                  <subfield code='v'>Early works to 1800.</subfield>
            </datafield>
            <datafield ind1=' ' ind2=' ' tag='914'>
                  <subfield code='a'>(OCoLC)ocm07131412</subfield>
                  <subfield code='b'>OCoLC</subfield>
                  <subfield code='c'>match</subfield>
                  <subfield code='d'>20240327</subfield>
                  <subfield code='e'>processed</subfield>
                  <subfield code='f'>7131412</subfield>
            </datafield>
            <datafield ind1=' ' ind2=' ' tag='AVA'>
                  <subfield code='0'>9929927233506421</subfield>
                  <subfield code='8'>22540412840006421</subfield>
                  <subfield code='a'>01PRI_INST</subfield>
                  <subfield code='b'>rare</subfield>
                  <subfield code='c'>Remote Storage (ReCAP): Rare Books. Special Collections Use Only</subfield>
                  <subfield code='d'>P96.3998.141</subfield>
                  <subfield code='e'>available</subfield>
                  <subfield code='f'>1</subfield>
                  <subfield code='g'>0</subfield>
                  <subfield code='j'>xr</subfield>
                  <subfield code='k'>8</subfield>
                  <subfield code='p'>1</subfield>
                  <subfield code='q'>Special Collections</subfield>
            </datafield>
      </record>