
      <record>
            <leader>02841cam a22004935a 4500</leader>
            <controlfield tag='001'>9947051433506421</controlfield>
            <controlfield tag='005'>20241104144140.0</controlfield>
            <controlfield tag='008'>060419s1709    mau           000 0 alg d</controlfield>
            <datafield ind1=' ' ind2=' ' tag='035'>
                  <subfield code='a'>(NjP)4705143-princetondb</subfield>
            </datafield>
            <datafield ind1=' ' ind2=' ' tag='035'>
                  <subfield code='z'>(NjP)Voyager4705143</subfield>
            </datafield>
            <datafield ind1=' ' ind2=' ' tag='035'>
                  <subfield code='a'>(OCoLC)ocn207634045</subfield>
            </datafield>
            <datafield ind1=' ' ind2=' ' tag='040'>
                  <subfield code='a'>MWA</subfield>
                  <subfield code='b'>eng</subfield>
                  <subfield code='c'>MWA</subfield>
                  <subfield code='e'>bdrb</subfield>
                  <subfield code='d'>NjP</subfield>
            </datafield>
            <datafield ind1='1' ind2=' ' tag='041'>
                  <subfield code='a'>alg</subfield>
                  <subfield code='a'>eng</subfield>
            </datafield>
            <datafield ind1=' ' ind2='7' tag='041'>
                  <subfield code='a'>eng</subfield>
                  <subfield code='2'>iso639-3</subfield>
            </datafield>
            <datafield ind1='0' ind2=' ' tag='130'>
                  <subfield code='a'>Bible.</subfield>
                  <subfield code='p'>Psalms.</subfield>
                  <subfield code='l'>Algonquian &amp; English.</subfield>
                  <subfield code='s'>Mayhew.</subfield>
                  <subfield code='f'>1709.</subfield>
            </datafield>
            <datafield ind1='1' ind2='4' tag='245'>
                  <subfield code='a'>The Massachuset psalter, or, Psalms of David with the Gospel according to John, in columns of Indian and English. :</subfield>
                  <subfield code='b'>Being an introduction for training up the aboriginal natives, in reading and understanding the Holy Scriptures. : [Three lines from John].</subfield>
            </datafield>
            <datafield ind1='3' ind2='0' tag='246'>
                  <subfield code='a'>Psalms of David with the Gospel according to John, in columns of Indian and English.</subfield>
            </datafield>
            <datafield ind1='1' ind2='5' tag='246'>
                  <subfield code='a'>Massachusee psalter.</subfield>
            </datafield>
            <datafield ind1=' ' ind2=' ' tag='260'>
                  <subfield code='a'>Boston, N.E. :</subfield>
                  <subfield code='b'>Printed by B. Green, and J. Printer, for the Honourable Company for the Propagation of the Gospel in New-England, &amp;c.,</subfield>
                  <subfield code='c'>1709.</subfield>
            </datafield>
            <datafield ind1=' ' ind2=' ' tag='300'>
                  <subfield code='a'>[408] p. ;</subfield>
                  <subfield code='c'>16 x 10 cm (8vo)</subfield>
            </datafield>
            <datafield ind1=' ' ind2=' ' tag='500'>
                  <subfield code='a'>This catalogue record is derived in large part from a record for a microfilm.</subfield>
            </datafield>
            <datafield ind1=' ' ind2=' ' tag='500'>
                  <subfield code='a'>Second title page, facing the English t.p.: Massachusee psalter: asuh, Uk-kuttoohomaongash David weche wunnaunchemookaonk ne ansukhogup John, ut Indiane kah Englishe nepatuhquonkash. ...</subfield>
            </datafield>
            <datafield ind1=' ' ind2=' ' tag='500'>
                  <subfield code='a'>Translation by Experience Mayhew based on John Eliot&apos;s translation. According to Trumbull &quot;every verse underwent revision and scarcely one remains without some alteration.&quot;</subfield>
            </datafield>
            <datafield ind1=' ' ind2=' ' tag='500'>
                  <subfield code='a'>Signatures: [A]⁴ B-3E⁴ ([A]1 recto, 3E4 blank).</subfield>
            </datafield>
            <datafield ind1=' ' ind2=' ' tag='500'>
                  <subfield code='a'>&quot;Errata.&quot;--p. [406].</subfield>
            </datafield>
            <datafield ind1='4' ind2=' ' tag='510'>
                  <subfield code='a'>ESTC</subfield>
                  <subfield code='c'>W15139</subfield>
            </datafield>
            <datafield ind1='4' ind2=' ' tag='510'>
                  <subfield code='a'>Evans</subfield>
                  <subfield code='c'>1380</subfield>
            </datafield>
            <datafield ind1='4' ind2=' ' tag='510'>
                  <subfield code='a'>Church</subfield>
                  <subfield code='c'>835</subfield>
            </datafield>
            <datafield ind1=' ' ind2=' ' tag='546'>
                  <subfield code='a'>In Massachuset and English.</subfield>
            </datafield>
            <datafield ind1=' ' ind2=' ' tag='561'>
                  <subfield code='a'>WHS copy acquired 11/5/79 from David O&apos;Neal.</subfield>
                  <subfield code='5'>NjP</subfield>
            </datafield>
            <datafield ind1=' ' ind2=' ' tag='583'>
                  <subfield code='x'>mlc</subfield>
            </datafield>
            <datafield ind1='0' ind2=' ' tag='583'>
                  <subfield code='a'>Indigenous Cultures Evergreen Digitization Project</subfield>
                  <subfield code='c'>2022-02</subfield>
                  <subfield code='5'>NjP</subfield>
            </datafield>
            <datafield ind1=' ' ind2='0' tag='650'>
                  <subfield code='a'>Massachuset language</subfield>
                  <subfield code='v'>Texts</subfield>
                  <subfield code='v'>Early works to 1800.</subfield>
            </datafield>
            <datafield ind1=' ' ind2='7' tag='655'>
                  <subfield code='a'>Psalters</subfield>
                  <subfield code='2'>rbmscv</subfield>
            </datafield>
            <datafield ind1='1' ind2=' ' tag='700'>
                  <subfield code='a'>Mayhew, Experience,</subfield>
                  <subfield code='d'>1673-1758,</subfield>
                  <subfield code='e'>translator.</subfield>
                  <subfield code='0'>http://id.loc.gov/authorities/names/n85253429</subfield>
            </datafield>
            <datafield ind1='1' ind2=' ' tag='700'>
                  <subfield code='a'>Eliot, John,</subfield>
                  <subfield code='d'>1604-1690.</subfield>
                  <subfield code='0'>http://id.loc.gov/authorities/names/n80015550</subfield>
            </datafield>
            <datafield ind1='1' ind2=' ' tag='700'>
                  <subfield code='a'>Green, Bartholomew,</subfield>
                  <subfield code='d'>1667-1732,</subfield>
                  <subfield code='e'>printer.</subfield>
                  <subfield code='0'>http://id.loc.gov/authorities/names/n85121766</subfield>
            </datafield>
            <datafield ind1='1' ind2=' ' tag='700'>
                  <subfield code='a'>Printer, James,</subfield>
                  <subfield code='e'>printer.</subfield>
                  <subfield code='0'>http://id.loc.gov/authorities/names/n88115521</subfield>
            </datafield>
            <datafield ind1='2' ind2=' ' tag='710'>
                  <subfield code='a'>Society for Propagation of the Gospel in New England.</subfield>
                  <subfield code='0'>http://id.loc.gov/authorities/names/n84134181</subfield>
            </datafield>
            <datafield ind1='0' ind2='2' tag='730'>
                  <subfield code='a'>Bible.</subfield>
                  <subfield code='p'>Psalms.</subfield>
                  <subfield code='l'>English.</subfield>
                  <subfield code='s'>Authorized.</subfield>
                  <subfield code='f'>1709.</subfield>
            </datafield>
            <datafield ind1='0' ind2='2' tag='730'>
                  <subfield code='a'>Bible.</subfield>
                  <subfield code='p'>John.</subfield>
                  <subfield code='l'>English.</subfield>
                  <subfield code='s'>Authorized.</subfield>
                  <subfield code='f'>1709.</subfield>
            </datafield>
            <datafield ind1='0' ind2='2' tag='730'>
                  <subfield code='a'>Bible.</subfield>
                  <subfield code='p'>John.</subfield>
                  <subfield code='l'>Algonquian.</subfield>
                  <subfield code='s'>Mayhew.</subfield>
                  <subfield code='f'>1709.</subfield>
            </datafield>
            <datafield ind1=' ' ind2=' ' tag='902'>
                  <subfield code='a'>mrf</subfield>
                  <subfield code='b'>m</subfield>
                  <subfield code='6'>a</subfield>
                  <subfield code='7'>m</subfield>
                  <subfield code='d'>v</subfield>
                  <subfield code='f'>1</subfield>
                  <subfield code='e'>20060420</subfield>
            </datafield>
            <datafield ind1=' ' ind2=' ' tag='914'>
                  <subfield code='a'>(OCoLC)ocn207634045</subfield>
                  <subfield code='b'>OCoLC</subfield>
                  <subfield code='c'>match</subfield>
                  <subfield code='d'>20240327</subfield>
                  <subfield code='e'>processed</subfield>
                  <subfield code='f'>207634045</subfield>
            </datafield>
            <datafield ind1=' ' ind2=' ' tag='AVA'>
                  <subfield code='0'>9947051433506421</subfield>
                  <subfield code='8'>22529760840006421</subfield>
                  <subfield code='a'>01PRI_INST</subfield>
                  <subfield code='b'>rare</subfield>
                  <subfield code='c'>William H. Scheide Library</subfield>
                  <subfield code='d'>102.11</subfield>
                  <subfield code='e'>available</subfield>
                  <subfield code='f'>1</subfield>
                  <subfield code='g'>0</subfield>
                  <subfield code='j'>whs</subfield>
                  <subfield code='k'>8</subfield>
                  <subfield code='p'>1</subfield>
                  <subfield code='q'>Special Collections</subfield>
            </datafield>
      </record>