
      <record>
            <leader>03540cam a22005535a 4500</leader>
            <controlfield tag='001'>9946884643506421</controlfield>
            <controlfield tag='005'>20241017163725.0</controlfield>
            <controlfield tag='008'>060317s1699    mau           000 0 eng d</controlfield>
            <datafield ind1=' ' ind2=' ' tag='035'>
                  <subfield code='a'>(NjP)4688464-princetondb</subfield>
            </datafield>
            <datafield ind1=' ' ind2=' ' tag='035'>
                  <subfield code='z'>(NjP)Voyager4688464</subfield>
            </datafield>
            <datafield ind1=' ' ind2=' ' tag='035'>
                  <subfield code='a'>(OCoLC)ocm66529842</subfield>
            </datafield>
            <datafield ind1=' ' ind2=' ' tag='040'>
                  <subfield code='a'>MWA</subfield>
                  <subfield code='b'>eng</subfield>
                  <subfield code='c'>MWA</subfield>
                  <subfield code='e'>bdrb</subfield>
                  <subfield code='d'>NjP</subfield>
            </datafield>
            <datafield ind1='1' ind2=' ' tag='041'>
                  <subfield code='a'>alg</subfield>
                  <subfield code='a'>eng</subfield>
            </datafield>
            <datafield ind1=' ' ind2='7' tag='041'>
                  <subfield code='a'>eng</subfield>
                  <subfield code='2'>iso639-3</subfield>
            </datafield>
            <datafield ind1='2' ind2=' ' tag='111'>
                  <subfield code='a'>Reforming Synod</subfield>
                  <subfield code='d'>(1679-1680 :</subfield>
                  <subfield code='c'>Boston, Mass.)</subfield>
                  <subfield code='0'>http://id.loc.gov/authorities/names/nr2003004403</subfield>
            </datafield>
            <datafield ind1='1' ind2='0' tag='240'>
                  <subfield code='a'>Confession of faith.</subfield>
                  <subfield code='l'>Algonquian &amp; English</subfield>
            </datafield>
            <datafield ind1='1' ind2='0' tag='245'>
                  <subfield code='a'>Wunnamptamoe Sampooaonk Wussampoowontamun Nashpe moeuwehkomunganash ut New-England :</subfield>
                  <subfield code='b'>Qushkenumun en Indiane Unnontowaonganit /</subfield>
                  <subfield code='c'>Nashpe Grindal Rawson, &amp;c. ; [three lines of Scripture texts in Algonquian].</subfield>
            </datafield>
            <datafield ind1=' ' ind2=' ' tag='260'>
                  <subfield code='a'>Mushauwomuk [i.e., Boston] :</subfield>
                  <subfield code='b'>Printeuun nashpe Bartholomew Green, kah John Allen,</subfield>
                  <subfield code='c'>1699.</subfield>
            </datafield>
            <datafield ind1=' ' ind2=' ' tag='300'>
                  <subfield code='a'>[16], 161, [5] p. ;</subfield>
                  <subfield code='c'>14.2 x 9.5 cm (8vo)</subfield>
            </datafield>
            <datafield ind1=' ' ind2=' ' tag='500'>
                  <subfield code='a'>This catalogue record is derived in large part from a record for a microform.</subfield>
            </datafield>
            <datafield ind1=' ' ind2=' ' tag='546'>
                  <subfield code='a'>Text in an Algonquian dialect and in English on facing pages.</subfield>
            </datafield>
            <datafield ind1=' ' ind2=' ' tag='500'>
                  <subfield code='a'>Evans suggests that Rawson may have been assisted in the translation by Samuel Treat of Eastham, Mass.</subfield>
            </datafield>
            <datafield ind1=' ' ind2=' ' tag='500'>
                  <subfield code='a'>Added title page: A confession of faith owned and consented unto by the elders &amp; messengers of the churches assembled at Boston in New England, May 12. 1680. Being the second session of that Synod. ... Boston: Re-printed by Bartholomew Green, and John Allen., 1699.</subfield>
            </datafield>
            <datafield ind1=' ' ind2=' ' tag='500'>
                  <subfield code='a'>Epistle Dedicatory, dedicated to Lieutenant Governor William Stoughton and Reverend Increase Mather, is signed by Rawson and gives a brief account of missionary labors among the Indians.</subfield>
            </datafield>
            <datafield ind1=' ' ind2=' ' tag='500'>
                  <subfield code='a'>Signatures: A-L⁸ M⁴(-M4) (M3 verso blank).</subfield>
            </datafield>
            <datafield ind1='4' ind2=' ' tag='510'>
                  <subfield code='a'>ESTC</subfield>
                  <subfield code='c'>W35677</subfield>
            </datafield>
            <datafield ind1='4' ind2=' ' tag='510'>
                  <subfield code='a'>Evans</subfield>
                  <subfield code='c'>860</subfield>
            </datafield>
            <datafield ind1='4' ind2=' ' tag='510'>
                  <subfield code='a'>Wing (2nd ed.)</subfield>
                  <subfield code='c'>C5793</subfield>
            </datafield>
            <datafield ind1=' ' ind2=' ' tag='561'>
                  <subfield code='a'>WHS copy acquired 3/15/82 from Katonah Village Library.</subfield>
                  <subfield code='5'>NjP</subfield>
            </datafield>
            <datafield ind1=' ' ind2=' ' tag='561'>
                  <subfield code='3'>WHS copy:</subfield>
                  <subfield code='a'>Booklabel: Brinley. &apos;5688&apos;; bookplate &apos;BI&apos; (i.e. Brayton Ives).</subfield>
                  <subfield code='5'>NjP</subfield>
            </datafield>
            <datafield ind1=' ' ind2=' ' tag='583'>
                  <subfield code='x'>mlc</subfield>
            </datafield>
            <datafield ind1='0' ind2=' ' tag='583'>
                  <subfield code='a'>Indigenous Cultures Evergreen Digitization Project</subfield>
                  <subfield code='c'>2022-02</subfield>
                  <subfield code='5'>NjP</subfield>
            </datafield>
            <datafield ind1=' ' ind2='0' tag='650'>
                  <subfield code='a'>Covenants (Church polity)</subfield>
                  <subfield code='0'>http://id.loc.gov/authorities/subjects/sh85033612</subfield>
            </datafield>
            <datafield ind1=' ' ind2='0' tag='650'>
                  <subfield code='a'>Indians of North America</subfield>
                  <subfield code='x'>Languages</subfield>
                  <subfield code='v'>Early works to 1800.</subfield>
            </datafield>
            <datafield ind1=' ' ind2='0' tag='650'>
                  <subfield code='a'>Indians of North America</subfield>
                  <subfield code='x'>Missions.</subfield>
                  <subfield code='0'>http://id.loc.gov/authorities/subjects/sh85065335</subfield>
            </datafield>
            <datafield ind1=' ' ind2='0' tag='650'>
                  <subfield code='a'>Algonquian languages.</subfield>
                  <subfield code='0'>http://id.loc.gov/authorities/subjects/sh85003485</subfield>
            </datafield>
            <datafield ind1=' ' ind2='0' tag='650'>
                  <subfield code='a'>Congregational churches</subfield>
                  <subfield code='v'>Doctrinal and controversial works.</subfield>
            </datafield>
            <datafield ind1=' ' ind2='0' tag='651'>
                  <subfield code='a'>New England</subfield>
                  <subfield code='x'>Church history.</subfield>
                  <subfield code='0'>http://id.loc.gov/authorities/subjects/sh90006180</subfield>
            </datafield>
            <datafield ind1='1' ind2=' ' tag='700'>
                  <subfield code='a'>Rawson, Grindal,</subfield>
                  <subfield code='d'>1659-1715,</subfield>
                  <subfield code='e'>translator.</subfield>
                  <subfield code='0'>http://id.loc.gov/authorities/names/n85250686</subfield>
            </datafield>
            <datafield ind1='1' ind2=' ' tag='700'>
                  <subfield code='a'>Green, Bartholomew,</subfield>
                  <subfield code='d'>1667-1732,</subfield>
                  <subfield code='e'>printer.</subfield>
                  <subfield code='0'>http://id.loc.gov/authorities/names/n85121766</subfield>
            </datafield>
            <datafield ind1='1' ind2=' ' tag='700'>
                  <subfield code='a'>Allen, John,</subfield>
                  <subfield code='d'>1660?-1727?,</subfield>
                  <subfield code='e'>printer.</subfield>
                  <subfield code='0'>http://id.loc.gov/authorities/names/n84024464</subfield>
            </datafield>
            <datafield ind1='1' ind2=' ' tag='700'>
                  <subfield code='a'>Treat, Samuel,</subfield>
                  <subfield code='d'>1648-1717,</subfield>
                  <subfield code='e'>translator.</subfield>
            </datafield>
            <datafield ind1='1' ind2=' ' tag='700'>
                  <subfield code='a'>Stoughton, William,</subfield>
                  <subfield code='d'>1632-1701,</subfield>
                  <subfield code='e'>dedicatee.</subfield>
                  <subfield code='0'>http://id.loc.gov/authorities/names/n85311870</subfield>
            </datafield>
            <datafield ind1='1' ind2=' ' tag='700'>
                  <subfield code='a'>Mather, Increase,</subfield>
                  <subfield code='d'>1639-1723,</subfield>
                  <subfield code='e'>dedicatee.</subfield>
                  <subfield code='0'>http://id.loc.gov/authorities/names/n50044161</subfield>
            </datafield>
            <datafield ind1='1' ind2=' ' tag='700'>
                  <subfield code='a'>Ives, Brayton,</subfield>
                  <subfield code='d'>1840-1914,</subfield>
                  <subfield code='e'>former owner.</subfield>
                  <subfield code='5'>NjP</subfield>
            </datafield>
            <datafield ind1='1' ind2=' ' tag='700'>
                  <subfield code='a'>Brinley, George,</subfield>
                  <subfield code='d'>1817-1875,</subfield>
                  <subfield code='e'>former owner.</subfield>
                  <subfield code='5'>NjP</subfield>
            </datafield>
            <datafield ind1='2' ind2=' ' tag='710'>
                  <subfield code='a'>Katonah Village Library,</subfield>
                  <subfield code='e'>former owner.</subfield>
                  <subfield code='5'>NjP</subfield>
            </datafield>
            <datafield ind1=' ' ind2=' ' tag='902'>
                  <subfield code='a'>mrf</subfield>
                  <subfield code='b'>m</subfield>
                  <subfield code='6'>a</subfield>
                  <subfield code='7'>m</subfield>
                  <subfield code='d'>v</subfield>
                  <subfield code='f'>1</subfield>
                  <subfield code='e'>20060317</subfield>
            </datafield>
            <datafield ind1=' ' ind2=' ' tag='914'>
                  <subfield code='a'>(OCoLC)ocm66529842</subfield>
                  <subfield code='b'>OCoLC</subfield>
                  <subfield code='c'>match</subfield>
                  <subfield code='d'>20240327</subfield>
                  <subfield code='e'>processed</subfield>
                  <subfield code='f'>66529842</subfield>
            </datafield>
            <datafield ind1=' ' ind2=' ' tag='AVA'>
                  <subfield code='0'>9946884643506421</subfield>
                  <subfield code='8'>22660689350006421</subfield>
                  <subfield code='a'>01PRI_INST</subfield>
                  <subfield code='b'>rare</subfield>
                  <subfield code='c'>William H. Scheide Library</subfield>
                  <subfield code='d'>99.28</subfield>
                  <subfield code='e'>available</subfield>
                  <subfield code='f'>1</subfield>
                  <subfield code='g'>0</subfield>
                  <subfield code='j'>whs</subfield>
                  <subfield code='k'>8</subfield>
                  <subfield code='p'>1</subfield>
                  <subfield code='q'>Special Collections</subfield>
            </datafield>
      </record>