
      <record>
            <leader>02982cam a22004695a 4500</leader>
            <controlfield tag='001'>9946312663506421</controlfield>
            <controlfield tag='005'>20241104135640.0</controlfield>
            <controlfield tag='008'>051215s1685    mau           000 0 alg d</controlfield>
            <datafield ind1=' ' ind2=' ' tag='035'>
                  <subfield code='a'>(NjP)4631266-princetondb</subfield>
            </datafield>
            <datafield ind1=' ' ind2=' ' tag='035'>
                  <subfield code='z'>(NjP)Voyager4631266</subfield>
            </datafield>
            <datafield ind1=' ' ind2=' ' tag='035'>
                  <subfield code='a'>(OCoLC)on1078918523</subfield>
            </datafield>
            <datafield ind1=' ' ind2=' ' tag='040'>
                  <subfield code='a'>MWA</subfield>
                  <subfield code='b'>eng</subfield>
                  <subfield code='c'>MWA</subfield>
                  <subfield code='e'>bdrb</subfield>
                  <subfield code='d'>NjP</subfield>
            </datafield>
            <datafield ind1='1' ind2=' ' tag='041'>
                  <subfield code='a'>alg</subfield>
                  <subfield code='k'>eng</subfield>
            </datafield>
            <datafield ind1='0' ind2=' ' tag='130'>
                  <subfield code='a'>Bible.</subfield>
                  <subfield code='l'>Massachuset.</subfield>
                  <subfield code='s'>Eliot.</subfield>
                  <subfield code='f'>1685</subfield>
            </datafield>
            <datafield ind1='1' ind2='0' tag='245'>
                  <subfield code='a'>Mamusse wunneetupanatamwe Up-Biblum God naneeswe Nukkone Testament kah wonk Wusku Testament /</subfield>
                  <subfield code='c'>Ne quoshkinnumuk nashpe Wuttinneumoh Christ noh asoowesit John Eliot. ; Nahohtôeu ontchetôe printeuoomuk ...</subfield>
            </datafield>
            <datafield ind1=' ' ind2=' ' tag='260'>
                  <subfield code='a'>Cambridge [Mass.]. :</subfield>
                  <subfield code='b'>Printeuoop nashpe Samuel Green.,</subfield>
                  <subfield code='c'>MDCLXXXV [1685].</subfield>
            </datafield>
            <datafield ind1=' ' ind2=' ' tag='300'>
                  <subfield code='a'>[1220] p. ;</subfield>
                  <subfield code='c'>19 x 15 cm (4to)</subfield>
            </datafield>
            <datafield ind1=' ' ind2=' ' tag='500'>
                  <subfield code='a'>This catalogue record is derived in large part from a record for a microform.</subfield>
            </datafield>
            <datafield ind1=' ' ind2=' ' tag='500'>
                  <subfield code='a'>The second edition of Eliot&apos;s Indian Bible, revised by Eliot and John Cotton.</subfield>
            </datafield>
            <datafield ind1=' ' ind2=' ' tag='500'>
                  <subfield code='a'>A dedication to the Hon. Robert Boyle was printed on a single leaf and inserted into the presentation copies sent abroad. Cf. Pilling, J.C. Bibliography of the Algonquian languages.</subfield>
            </datafield>
            <datafield ind1=' ' ind2=' ' tag='500'>
                  <subfield code='a'>Signatures: pi² A-5O⁴ 5P² (pi1 blank); A-2Y⁴ chi² (chi2 blank).</subfield>
            </datafield>
            <datafield ind1=' ' ind2=' ' tag='500'>
                  <subfield code='a'>Printed in two columns.</subfield>
            </datafield>
            <datafield ind1=' ' ind2=' ' tag='500'>
                  <subfield code='a'>&quot;VVusko Wuttestamentum Nul-Lordumun Jesus Christ nuppoquohwussuaeneumun. Cambridge, Printed for the Right Honourable Corporation in London, for the Propogation [sic] of the Gospel among the Indians in New-England 1680.&quot;--p. [857-1116], with separate title page. First issued separately in 1680 (Evans 279).</subfield>
            </datafield>
            <datafield ind1=' ' ind2=' ' tag='500'>
                  <subfield code='a'>The Psalms of David, p. [1117-1216], with caption title: Wame ketoohomae uketoohomaongash David.</subfield>
            </datafield>
            <datafield ind1=' ' ind2=' ' tag='500'>
                  <subfield code='a'>Rules for Christian living, by John Eliot, in Algonquian, p. [1217-1218].</subfield>
            </datafield>
            <datafield ind1='4' ind2=' ' tag='510'>
                  <subfield code='a'>ESTC</subfield>
                  <subfield code='c'>W4376</subfield>
            </datafield>
            <datafield ind1='4' ind2=' ' tag='510'>
                  <subfield code='a'>Darlow &amp; Moule</subfield>
                  <subfield code='c'>6738.</subfield>
            </datafield>
            <datafield ind1='4' ind2=' ' tag='510'>
                  <subfield code='a'>Evans</subfield>
                  <subfield code='c'>385.</subfield>
            </datafield>
            <datafield ind1='4' ind2=' ' tag='510'>
                  <subfield code='a'>Wing (2nd ed.)</subfield>
                  <subfield code='c'>B2756.</subfield>
            </datafield>
            <datafield ind1=' ' ind2=' ' tag='561'>
                  <subfield code='a'>WHS copy is Sir James Richards&apos;s copy, acquired 10/30/12 from Dodd.</subfield>
                  <subfield code='5'>NjP</subfield>
            </datafield>
            <datafield ind1=' ' ind2=' ' tag='583'>
                  <subfield code='x'>mlc</subfield>
            </datafield>
            <datafield ind1='0' ind2=' ' tag='583'>
                  <subfield code='a'>Indigenous Cultures Evergreen Digitization Project</subfield>
                  <subfield code='c'>2022-02</subfield>
                  <subfield code='5'>NjP</subfield>
            </datafield>
            <datafield ind1=' ' ind2='0' tag='650'>
                  <subfield code='a'>Massachuset language</subfield>
                  <subfield code='v'>Texts</subfield>
                  <subfield code='v'>Early works to 1800.</subfield>
            </datafield>
            <datafield ind1='1' ind2=' ' tag='700'>
                  <subfield code='a'>Green, Samuel,</subfield>
                  <subfield code='d'>1615-1702,</subfield>
                  <subfield code='e'>printer.</subfield>
                  <subfield code='0'>http://id.loc.gov/authorities/names/n87946587</subfield>
            </datafield>
            <datafield ind1='1' ind2=' ' tag='700'>
                  <subfield code='a'>Eliot, John,</subfield>
                  <subfield code='d'>1604-1690,</subfield>
                  <subfield code='e'>translator.</subfield>
                  <subfield code='0'>http://id.loc.gov/authorities/names/n80015550</subfield>
            </datafield>
            <datafield ind1='1' ind2=' ' tag='700'>
                  <subfield code='a'>Cotton, John,</subfield>
                  <subfield code='d'>1640-1699,</subfield>
                  <subfield code='e'>editor.</subfield>
                  <subfield code='0'>http://id.loc.gov/authorities/names/n86018355</subfield>
            </datafield>
            <datafield ind1='1' ind2=' ' tag='700'>
                  <subfield code='a'>Boyle, Robert,</subfield>
                  <subfield code='d'>1627-1691,</subfield>
                  <subfield code='e'>editor.</subfield>
                  <subfield code='0'>http://id.loc.gov/authorities/names/n79006775</subfield>
            </datafield>
            <datafield ind1='2' ind2=' ' tag='710'>
                  <subfield code='a'>Society for Propagation of the Gospel in New England.</subfield>
                  <subfield code='0'>http://id.loc.gov/authorities/names/n84134181</subfield>
            </datafield>
            <datafield ind1='1' ind2=' ' tag='700'>
                  <subfield code='a'>Richards, James,</subfield>
                  <subfield code='c'>Sir,</subfield>
                  <subfield code='e'>former owner.</subfield>
                  <subfield code='5'>NjP</subfield>
            </datafield>
            <datafield ind1='2' ind2=' ' tag='710'>
                  <subfield code='a'>Robert H. Dodd (Firm),</subfield>
                  <subfield code='e'>bookseller.</subfield>
                  <subfield code='5'>NjP</subfield>
                  <subfield code='0'>http://id.loc.gov/authorities/names/n82236156</subfield>
            </datafield>
            <datafield ind1=' ' ind2=' ' tag='902'>
                  <subfield code='a'>mrf</subfield>
                  <subfield code='b'>m</subfield>
                  <subfield code='6'>a</subfield>
                  <subfield code='7'>m</subfield>
                  <subfield code='d'>v</subfield>
                  <subfield code='f'>1</subfield>
                  <subfield code='e'>20051215</subfield>
            </datafield>
            <datafield ind1=' ' ind2=' ' tag='914'>
                  <subfield code='a'>(OCoLC)on1078918523</subfield>
                  <subfield code='b'>OCoLC</subfield>
                  <subfield code='c'>match</subfield>
                  <subfield code='d'>20240327</subfield>
                  <subfield code='e'>processed</subfield>
                  <subfield code='f'>1078918523</subfield>
            </datafield>
            <datafield ind1=' ' ind2=' ' tag='AVA'>
                  <subfield code='0'>9946312663506421</subfield>
                  <subfield code='8'>22653580830006421</subfield>
                  <subfield code='a'>01PRI_INST</subfield>
                  <subfield code='b'>rare</subfield>
                  <subfield code='c'>William H. Scheide Library</subfield>
                  <subfield code='d'>89.5</subfield>
                  <subfield code='e'>available</subfield>
                  <subfield code='f'>1</subfield>
                  <subfield code='g'>0</subfield>
                  <subfield code='j'>whs</subfield>
                  <subfield code='k'>8</subfield>
                  <subfield code='p'>1</subfield>
                  <subfield code='q'>Special Collections</subfield>
            </datafield>
      </record>