
      <record>
            <leader>03046cam a2200505 a 4500</leader>
            <controlfield tag='001'>9936755133506421</controlfield>
            <controlfield tag='005'>20240618105826.0</controlfield>
            <controlfield tag='008'>020521s1675    enk           000 0 eng^^</controlfield>
            <datafield ind1=' ' ind2=' ' tag='010'>
                  <subfield code='a'>07005364</subfield>
            </datafield>
            <datafield ind1=' ' ind2=' ' tag='035'>
                  <subfield code='a'>(CStRLIN)RIBR02-B590</subfield>
            </datafield>
            <datafield ind1=' ' ind2=' ' tag='035'>
                  <subfield code='a'>(NjP)3675513-princetondb</subfield>
            </datafield>
            <datafield ind1=' ' ind2=' ' tag='035'>
                  <subfield code='z'>(NjP)Voyager3675513</subfield>
            </datafield>
            <datafield ind1=' ' ind2=' ' tag='035'>
                  <subfield code='z'>(NjP)Voyager3675513</subfield>
            </datafield>
            <datafield ind1=' ' ind2=' ' tag='035'>
                  <subfield code='a'>(OCoLC)ocm07133821</subfield>
            </datafield>
            <datafield ind1=' ' ind2=' ' tag='040'>
                  <subfield code='a'>DLC</subfield>
                  <subfield code='b'>eng</subfield>
                  <subfield code='c'>ViU</subfield>
                  <subfield code='d'>ViU</subfield>
                  <subfield code='d'>NN</subfield>
                  <subfield code='d'>RPJCB</subfield>
                  <subfield code='d'>NjP</subfield>
                  <subfield code='e'>dcrb</subfield>
            </datafield>
            <datafield ind1='0' ind2=' ' tag='041'>
                  <subfield code='a'>eng</subfield>
                  <subfield code='a'>alg</subfield>
            </datafield>
            <datafield ind1=' ' ind2=' ' tag='043'>
                  <subfield code='a'>n-usn--</subfield>
            </datafield>
            <datafield ind1='0' ind2=' ' tag='050'>
                  <subfield code='a'>E83.67</subfield>
                  <subfield code='b'>.P91</subfield>
            </datafield>
            <datafield ind1='0' ind2=' ' tag='100'>
                  <subfield code='a'>N. S.</subfield>
            </datafield>
            <datafield ind1='1' ind2='4' tag='245'>
                  <subfield code='a'>The present state of New-England, with respect to the Indian war :</subfield>
                  <subfield code='b'>wherein is an account of the true reason thereof, (as far as can be judged by men.) Together with most of the remarkable passages that have happened from the 20th of June, till the 10th of November, 1675 /</subfield>
                  <subfield code='c'>faithfully composed by a merchant of Boston, and communicated to his friend in London.</subfield>
            </datafield>
            <datafield ind1='3' ind2=' ' tag='246'>
                  <subfield code='a'>Present state of New England, with respect to the Indian vvar.</subfield>
            </datafield>
            <datafield ind1=' ' ind2=' ' tag='260'>
                  <subfield code='a'>London :</subfield>
                  <subfield code='b'>Printed for Dorman Newman, at the King&apos;s-Arms in the Poultry, and at the Ship and Anchor at the Bridg-foot on Southwark side,</subfield>
                  <subfield code='c'>1675.</subfield>
            </datafield>
            <datafield ind1=' ' ind2=' ' tag='300'>
                  <subfield code='a'>19 p. ;</subfield>
                  <subfield code='c'>29 cm. (fol.)</subfield>
            </datafield>
            <datafield ind1=' ' ind2=' ' tag='500'>
                  <subfield code='a'>Attributed to &quot;N. S.&quot; by Wing and NUC Pre-1956. Attribution to Nathaniel Saltonstall, author of A continuation of the state of New-England, London, 1676, suggested by C. H. Lincoln in Narratives of the Indian Wars, p. 21.</subfield>
            </datafield>
            <datafield ind1=' ' ind2=' ' tag='500'>
                  <subfield code='a'>Includes two orders of Councils held at Boston, August 30 and September 17, 1675, both signed: Edward Rawson, secr.</subfield>
            </datafield>
            <datafield ind1=' ' ind2=' ' tag='500'>
                  <subfield code='a'>First edition with &quot;New-England&quot; in upper case type and p. 18 and 19 numbered correctly.</subfield>
            </datafield>
            <datafield ind1=' ' ind2=' ' tag='500'>
                  <subfield code='a'>Includes Isaiah, chapter 23, verses 1-3, in the Massachuset language with the English translation from John Eliot&apos;s Bible, London, 1675, p. 11.</subfield>
            </datafield>
            <datafield ind1=' ' ind2=' ' tag='500'>
                  <subfield code='a'>Woodcut title page vignette (royal arms); head piece; initial.</subfield>
            </datafield>
            <datafield ind1='4' ind2=' ' tag='510'>
                  <subfield code='a'>Wing</subfield>
                  <subfield code='c'>S120A</subfield>
            </datafield>
            <datafield ind1='4' ind2=' ' tag='510'>
                  <subfield code='a'>ESTC</subfield>
                  <subfield code='c'>R183123</subfield>
            </datafield>
            <datafield ind1='4' ind2=' ' tag='510'>
                  <subfield code='a'>Alden, J.E. European Americana,</subfield>
                  <subfield code='c'>675/134</subfield>
            </datafield>
            <datafield ind1='4' ind2=' ' tag='510'>
                  <subfield code='a'>Church, E.D. Discovery,</subfield>
                  <subfield code='c'>636</subfield>
            </datafield>
            <datafield ind1='4' ind2=' ' tag='510'>
                  <subfield code='a'>Pilling, J.C. Algonquian,</subfield>
                  <subfield code='c'>3113</subfield>
            </datafield>
            <datafield ind1=' ' ind2=' ' tag='561'>
                  <subfield code='3'>Princeton copy 1</subfield>
                  <subfield code='a'>ExKa copy has bookplate of Grenville Kane.</subfield>
                  <subfield code='5'>NjP</subfield>
            </datafield>
            <datafield ind1=' ' ind2=' ' tag='500'>
                  <subfield code='3'>Princeton copy 1</subfield>
                  <subfield code='a'>ExKa copy has memorandum to Grenville Kane from Alice H. Lerch, comparing the Kane and New York Public Library copies, laid in.</subfield>
                  <subfield code='5'>NjP</subfield>
            </datafield>
            <datafield ind1=' ' ind2=' ' tag='563'>
                  <subfield code='3'>Princeton copy 1</subfield>
                  <subfield code='a'>ExKa copy is bound in red goatskin by Riviere &amp; Son.</subfield>
                  <subfield code='5'>NjP</subfield>
            </datafield>
            <datafield ind1=' ' ind2='0' tag='650'>
                  <subfield code='a'>King Philip&apos;s War, 1675-1676.</subfield>
                  <subfield code='0'>http://id.loc.gov/authorities/subjects/sh85072401</subfield>
            </datafield>
            <datafield ind1='1' ind2=' ' tag='700'>
                  <subfield code='a'>Rawson, Edward,</subfield>
                  <subfield code='d'>1615-1693.</subfield>
                  <subfield code='0'>http://id.loc.gov/authorities/names/n84212581</subfield>
            </datafield>
            <datafield ind1='1' ind2=' ' tag='700'>
                  <subfield code='a'>Kane, Grenville,</subfield>
                  <subfield code='d'>1854-1943,</subfield>
                  <subfield code='e'>former owner.</subfield>
                  <subfield code='5'>NjP</subfield>
                  <subfield code='0'>http://id.loc.gov/authorities/names/no2001073978</subfield>
            </datafield>
            <datafield ind1='1' ind2=' ' tag='710'>
                  <subfield code='a'>Massachusetts.</subfield>
                  <subfield code='b'>Council.</subfield>
                  <subfield code='0'>http://id.loc.gov/authorities/names/n86111156</subfield>
            </datafield>
            <datafield ind1='2' ind2=' ' tag='710'>
                  <subfield code='a'>Riviere &amp; Son,</subfield>
                  <subfield code='e'>binder.</subfield>
                  <subfield code='5'>NjP</subfield>
            </datafield>
            <datafield ind1=' ' ind2=' ' tag='902'>
                  <subfield code='a'>gls</subfield>
                  <subfield code='b'>r</subfield>
                  <subfield code='6'>a</subfield>
                  <subfield code='7'>m</subfield>
                  <subfield code='d'>v</subfield>
                  <subfield code='f'>0</subfield>
                  <subfield code='e'>20020603</subfield>
            </datafield>
            <datafield ind1=' ' ind2=' ' tag='904'>
                  <subfield code='a'>gls</subfield>
                  <subfield code='b'>g</subfield>
                  <subfield code='h'>m</subfield>
                  <subfield code='c'>b</subfield>
                  <subfield code='e'>20020530</subfield>
            </datafield>
            <datafield ind1=' ' ind2=' ' tag='914'>
                  <subfield code='a'>(OCoLC)ocm07133821</subfield>
                  <subfield code='b'>OCoLC</subfield>
                  <subfield code='c'>match</subfield>
                  <subfield code='d'>20240327</subfield>
                  <subfield code='e'>processed</subfield>
                  <subfield code='f'>7133821</subfield>
            </datafield>
            <datafield ind1=' ' ind2=' ' tag='998'>
                  <subfield code='s'>9115</subfield>
            </datafield>
            <datafield ind1=' ' ind2=' ' tag='AVA'>
                  <subfield code='0'>9936755133506421</subfield>
                  <subfield code='8'>22574297230006421</subfield>
                  <subfield code='a'>01PRI_INST</subfield>
                  <subfield code='b'>rare</subfield>
                  <subfield code='c'>Rare Books</subfield>
                  <subfield code='d'>EXKA Americana 1675 N. S.</subfield>
                  <subfield code='e'>available</subfield>
                  <subfield code='f'>1</subfield>
                  <subfield code='g'>0</subfield>
                  <subfield code='j'>hsvr</subfield>
                  <subfield code='k'>8</subfield>
                  <subfield code='p'>1</subfield>
                  <subfield code='q'>Special Collections</subfield>
                  <subfield code='t'></subfield>
            </datafield>
      </record>