
      <record>
            <leader>01709cam a22003255a 4500</leader>
            <controlfield tag='001'>9946001233506421</controlfield>
            <controlfield tag='005'>20241024151614.0</controlfield>
            <controlfield tag='008'>051006s1663    mau           000 0 alg d</controlfield>
            <datafield ind1=' ' ind2=' ' tag='035'>
                  <subfield code='a'>(NjP)4600123-princetondb</subfield>
            </datafield>
            <datafield ind1=' ' ind2=' ' tag='035'>
                  <subfield code='z'>(NjP)Voyager4600123</subfield>
            </datafield>
            <datafield ind1=' ' ind2=' ' tag='035'>
                  <subfield code='a'>(OCoLC)on1340484734</subfield>
            </datafield>
            <datafield ind1=' ' ind2=' ' tag='040'>
                  <subfield code='a'>NjP</subfield>
                  <subfield code='b'>eng</subfield>
                  <subfield code='c'>NjP</subfield>
            </datafield>
            <datafield ind1='0' ind2=' ' tag='130'>
                  <subfield code='a'>Bible.</subfield>
                  <subfield code='l'>Massachuset.</subfield>
                  <subfield code='s'>Eliot.</subfield>
                  <subfield code='f'>1663</subfield>
                  <subfield code='0'>http://id.loc.gov/authorities/names/no2011126454</subfield>
            </datafield>
            <datafield ind1='1' ind2='0' tag='245'>
                  <subfield code='a'>Mamusse wunneetupanatamwe Up-Biblium God naneeswe Nukkone Testament kah wonk Wusku Testament /</subfield>
                  <subfield code='c'>ne quoshkinnumuk nashpe Wuttinneumoh Christ noh asoowesit John Eliot.</subfield>
            </datafield>
            <datafield ind1=' ' ind2=' ' tag='260'>
                  <subfield code='a'>Cambridge [Mass.] :</subfield>
                  <subfield code='b'>Printeuoop nashpe Samuel Green kah Marmaduke Johnson,</subfield>
                  <subfield code='c'>1663.</subfield>
            </datafield>
            <datafield ind1=' ' ind2=' ' tag='300'>
                  <subfield code='a'>596 leaves ;</subfield>
                  <subfield code='c'>18.3 x 14 cm</subfield>
            </datafield>
            <datafield ind1='4' ind2=' ' tag='510'>
                  <subfield code='a'>ESTC</subfield>
                  <subfield code='c'>W38287</subfield>
            </datafield>
            <datafield ind1='4' ind2=' ' tag='510'>
                  <subfield code='a'>Wing</subfield>
                  <subfield code='c'>B2755</subfield>
            </datafield>
            <datafield ind1='4' ind2=' ' tag='510'>
                  <subfield code='a'>Sabin</subfield>
                  <subfield code='c'>22154</subfield>
            </datafield>
            <datafield ind1=' ' ind2=' ' tag='561'>
                  <subfield code='a'>WHS copy acquired 8/29/11 from Dr. Wm. Everett through Dodd; note in shelf-list: Provenance, Everett, Edward.</subfield>
                  <subfield code='5'>NjP</subfield>
            </datafield>
            <datafield ind1=' ' ind2=' ' tag='583'>
                  <subfield code='x'>mlc</subfield>
            </datafield>
            <datafield ind1='0' ind2=' ' tag='583'>
                  <subfield code='a'>Indigenous Cultures Evergreen Digitization Project</subfield>
                  <subfield code='c'>2022-02</subfield>
                  <subfield code='5'>NjP</subfield>
            </datafield>
            <datafield ind1=' ' ind2='0' tag='650'>
                  <subfield code='a'>Massachuset language</subfield>
                  <subfield code='v'>Texts</subfield>
                  <subfield code='v'>Early works to 1800.</subfield>
            </datafield>
            <datafield ind1='1' ind2=' ' tag='700'>
                  <subfield code='a'>Eliot, John,</subfield>
                  <subfield code='d'>1604-1690,</subfield>
                  <subfield code='e'>translator.</subfield>
                  <subfield code='0'>http://id.loc.gov/authorities/names/n80015550</subfield>
            </datafield>
            <datafield ind1='1' ind2=' ' tag='700'>
                  <subfield code='a'>Green, Samuel,</subfield>
                  <subfield code='d'>1615-1702,</subfield>
                  <subfield code='e'>printer.</subfield>
                  <subfield code='0'>http://id.loc.gov/authorities/names/n87946587</subfield>
            </datafield>
            <datafield ind1='1' ind2=' ' tag='700'>
                  <subfield code='a'>Johnson, Marmaduke,</subfield>
                  <subfield code='d'>-1674,</subfield>
                  <subfield code='e'>publisher.</subfield>
                  <subfield code='0'>http://id.loc.gov/authorities/names/n85056979</subfield>
            </datafield>
            <datafield ind1='2' ind2=' ' tag='710'>
                  <subfield code='a'>Robert H. Dodd (Firm),</subfield>
                  <subfield code='e'>bookseller.</subfield>
                  <subfield code='5'>NjP</subfield>
                  <subfield code='0'>http://id.loc.gov/authorities/names/n82236156</subfield>
            </datafield>
            <datafield ind1=' ' ind2=' ' tag='902'>
                  <subfield code='a'>mrf</subfield>
                  <subfield code='b'>o</subfield>
                  <subfield code='6'>a</subfield>
                  <subfield code='7'>m</subfield>
                  <subfield code='d'>v</subfield>
                  <subfield code='f'>1</subfield>
                  <subfield code='e'>20051006</subfield>
            </datafield>
            <datafield ind1=' ' ind2=' ' tag='914'>
                  <subfield code='a'>(OCoLC)on1340484734</subfield>
                  <subfield code='b'>OCoLC</subfield>
                  <subfield code='c'>match</subfield>
                  <subfield code='d'>20240327</subfield>
                  <subfield code='e'>processed</subfield>
                  <subfield code='f'>1340484734</subfield>
            </datafield>
            <datafield ind1='4' ind2='1' tag='956'>
                  <subfield code='3'>Internet Archive</subfield>
                  <subfield code='u'>https://archive.org/details/mamussewunneetup00elio</subfield>
            </datafield>
            <datafield ind1=' ' ind2=' ' tag='AVA'>
                  <subfield code='0'>9946001233506421</subfield>
                  <subfield code='8'>22652193630006421</subfield>
                  <subfield code='a'>01PRI_INST</subfield>
                  <subfield code='b'>rare</subfield>
                  <subfield code='c'>William H. Scheide Library</subfield>
                  <subfield code='d'>108.11</subfield>
                  <subfield code='e'>available</subfield>
                  <subfield code='f'>1</subfield>
                  <subfield code='g'>0</subfield>
                  <subfield code='j'>whs</subfield>
                  <subfield code='k'>8</subfield>
                  <subfield code='p'>1</subfield>
                  <subfield code='q'>Special Collections</subfield>
            </datafield>
      </record>