
      <record>
            <leader>02234cam a22003855a 4500</leader>
            <controlfield tag='001'>9946307623506421</controlfield>
            <controlfield tag='005'>20240812111249.0</controlfield>
            <controlfield tag='008'>051214s1661    mau           000 0 alg d</controlfield>
            <datafield ind1=' ' ind2=' ' tag='035'>
                  <subfield code='a'>(NjP)4630762-princetondb</subfield>
            </datafield>
            <datafield ind1=' ' ind2=' ' tag='035'>
                  <subfield code='a'>(OCoLC)ocm43537627</subfield>
            </datafield>
            <datafield ind1=' ' ind2=' ' tag='035'>
                  <subfield code='z'>(NjP)Voyager4630762</subfield>
            </datafield>
            <datafield ind1=' ' ind2=' ' tag='040'>
                  <subfield code='a'>EAA</subfield>
                  <subfield code='b'>eng</subfield>
                  <subfield code='c'>EAA</subfield>
                  <subfield code='d'>OCL</subfield>
                  <subfield code='d'>NjP</subfield>
            </datafield>
            <datafield ind1='1' ind2=' ' tag='041'>
                  <subfield code='a'>alg</subfield>
                  <subfield code='k'>eng</subfield>
                  <subfield code='h'>grc</subfield>
            </datafield>
            <datafield ind1='0' ind2=' ' tag='130'>
                  <subfield code='a'>Bible.</subfield>
                  <subfield code='p'>New Testament.</subfield>
                  <subfield code='l'>Massachuset.</subfield>
                  <subfield code='s'>Eliot.</subfield>
                  <subfield code='f'>1661.</subfield>
            </datafield>
            <datafield ind1='1' ind2='4' tag='245'>
                  <subfield code='a'>The New Testament of our Lord and Savior Jesus Christ /</subfield>
                  <subfield code='c'>translated into the Indian language and ordered to be printed by the commissioners of the united colonies in New-England, at the charge, and with the consent of the corporation in England for the propagation of the gospel amongst the Indians in New-England.</subfield>
            </datafield>
            <datafield ind1='1' ind2='5' tag='246'>
                  <subfield code='a'>Wusku Wuttestamentum Nul-Lordumun Jesus Christ Nuppoquohwussuaeneumun.</subfield>
            </datafield>
            <datafield ind1=' ' ind2=' ' tag='260'>
                  <subfield code='a'>Cambridg [Cambridge, Mass.] :</subfield>
                  <subfield code='b'>Printed by Samuel Green and Marmaduke Johnson,</subfield>
                  <subfield code='c'>1661.</subfield>
            </datafield>
            <datafield ind1=' ' ind2=' ' tag='300'>
                  <subfield code='a'>[260] p. ;</subfield>
                  <subfield code='c'>19.2 x 14.2 cm</subfield>
            </datafield>
            <datafield ind1=' ' ind2=' ' tag='500'>
                  <subfield code='a'>This catalogue record is derived in large part from a record for a microform.</subfield>
            </datafield>
            <datafield ind1=' ' ind2=' ' tag='500'>
                  <subfield code='a'>Translated by John Eliot. cf. NUC-pre 1956.</subfield>
            </datafield>
            <datafield ind1=' ' ind2=' ' tag='500'>
                  <subfield code='a'>Also has t.p.: Wusku Wuttestamentum Nul-Lordumun Jesus Christ Nuppoquohwussuaeneumun.</subfield>
            </datafield>
            <datafield ind1='4' ind2=' ' tag='510'>
                  <subfield code='a'>Darlow &amp; Moule</subfield>
                  <subfield code='c'>6736.</subfield>
            </datafield>
            <datafield ind1='4' ind2=' ' tag='510'>
                  <subfield code='a'>Wing</subfield>
                  <subfield code='c'>B2757.</subfield>
            </datafield>
            <datafield ind1=' ' ind2=' ' tag='500'>
                  <subfield code='a'>WHS copy imperfect: 8 leaves are supplied in facsimile.</subfield>
                  <subfield code='5'>NjP</subfield>
            </datafield>
            <datafield ind1=' ' ind2=' ' tag='561'>
                  <subfield code='a'>WHS copy acquired 3/29/19 from Drake; inv. 280.</subfield>
                  <subfield code='5'>NjP</subfield>
            </datafield>
            <datafield ind1=' ' ind2=' ' tag='583'>
                  <subfield code='x'>mlc</subfield>
            </datafield>
            <datafield ind1='0' ind2=' ' tag='583'>
                  <subfield code='a'>Indigenous Cultures Evergreen Digitization Project</subfield>
                  <subfield code='c'>2022-02</subfield>
                  <subfield code='5'>NjP</subfield>
            </datafield>
            <datafield ind1=' ' ind2='0' tag='650'>
                  <subfield code='a'>Massachuset language</subfield>
                  <subfield code='v'>Texts</subfield>
                  <subfield code='v'>Early works to 1800.</subfield>
            </datafield>
            <datafield ind1='1' ind2=' ' tag='700'>
                  <subfield code='a'>Eliot, John,</subfield>
                  <subfield code='d'>1604-1690,</subfield>
                  <subfield code='e'>translator.</subfield>
                  <subfield code='0'>http://id.loc.gov/authorities/names/n80015550</subfield>
            </datafield>
            <datafield ind1='2' ind2=' ' tag='710'>
                  <subfield code='a'>Society for Propagation of the Gospel in New England.</subfield>
                  <subfield code='0'>http://id.loc.gov/authorities/names/n84134181</subfield>
            </datafield>
            <datafield ind1='1' ind2=' ' tag='700'>
                  <subfield code='a'>Green, Samuel,</subfield>
                  <subfield code='d'>1615-1702,</subfield>
                  <subfield code='e'>printer.</subfield>
                  <subfield code='0'>http://id.loc.gov/authorities/names/n87946587</subfield>
            </datafield>
            <datafield ind1='1' ind2=' ' tag='700'>
                  <subfield code='a'>Johnson, Marmaduke,</subfield>
                  <subfield code='d'>-1674,</subfield>
                  <subfield code='e'>printer.</subfield>
                  <subfield code='0'>http://id.loc.gov/authorities/names/n85056979</subfield>
            </datafield>
            <datafield ind1='2' ind2=' ' tag='710'>
                  <subfield code='a'>James F. Drake, Inc.,</subfield>
                  <subfield code='e'>bookseller.</subfield>
                  <subfield code='5'>NjP</subfield>
                  <subfield code='0'>http://id.loc.gov/authorities/names/n2002065580</subfield>
            </datafield>
            <datafield ind1=' ' ind2=' ' tag='902'>
                  <subfield code='a'>mrf</subfield>
                  <subfield code='b'>m</subfield>
                  <subfield code='6'>a</subfield>
                  <subfield code='7'>m</subfield>
                  <subfield code='d'>v</subfield>
                  <subfield code='f'>1</subfield>
                  <subfield code='e'>20051214</subfield>
            </datafield>
            <datafield ind1=' ' ind2=' ' tag='914'>
                  <subfield code='a'>(OCoLC)ocm43537627</subfield>
                  <subfield code='b'>OCoLC</subfield>
                  <subfield code='c'>match</subfield>
                  <subfield code='d'>20221117</subfield>
                  <subfield code='e'>processed</subfield>
                  <subfield code='f'>43537627</subfield>
            </datafield>
            <datafield ind1=' ' ind2=' ' tag='AVA'>
                  <subfield code='0'>9946307623506421</subfield>
                  <subfield code='8'>22685927960006421</subfield>
                  <subfield code='a'>01PRI_INST</subfield>
                  <subfield code='b'>rare</subfield>
                  <subfield code='c'>William H. Scheide Library</subfield>
                  <subfield code='d'>89.3</subfield>
                  <subfield code='e'>available</subfield>
                  <subfield code='f'>1</subfield>
                  <subfield code='g'>0</subfield>
                  <subfield code='j'>whs</subfield>
                  <subfield code='k'>8</subfield>
                  <subfield code='p'>1</subfield>
                  <subfield code='q'>Special Collections</subfield>
            </datafield>
      </record>