
      <record>
            <leader>02513cam a22004095a 4500</leader>
            <controlfield tag='001'>9946988233506421</controlfield>
            <controlfield tag='005'>20241025115045.0</controlfield>
            <controlfield tag='008'>060407s1643    enk           000 0 eng d</controlfield>
            <datafield ind1=' ' ind2=' ' tag='035'>
                  <subfield code='a'>(NjP)4698823-princetondb</subfield>
            </datafield>
            <datafield ind1=' ' ind2=' ' tag='035'>
                  <subfield code='z'>(NjP)Voyager4698823</subfield>
            </datafield>
            <datafield ind1=' ' ind2=' ' tag='035'>
                  <subfield code='a'>(OCoLC)ocn910541291</subfield>
            </datafield>
            <datafield ind1=' ' ind2=' ' tag='040'>
                  <subfield code='a'>EAA</subfield>
                  <subfield code='b'>eng</subfield>
                  <subfield code='c'>EAA</subfield>
                  <subfield code='d'>m/c</subfield>
                  <subfield code='d'>WaOLN</subfield>
                  <subfield code='d'>NjP</subfield>
            </datafield>
            <datafield ind1='1' ind2=' ' tag='041'>
                  <subfield code='a'>eng</subfield>
                  <subfield code='a'>alg</subfield>
            </datafield>
            <datafield ind1=' ' ind2=' ' tag='043'>
                  <subfield code='a'>n-usn--</subfield>
            </datafield>
            <datafield ind1='1' ind2=' ' tag='100'>
                  <subfield code='a'>Williams, Roger,</subfield>
                  <subfield code='d'>1604?-1683</subfield>
                  <subfield code='e'>author.</subfield>
                  <subfield code='0'>http://id.loc.gov/authorities/names/n50018982</subfield>
            </datafield>
            <datafield ind1='1' ind2='2' tag='245'>
                  <subfield code='a'>A key into the language of America, or, An help to the language of the natives in that part of America called New-England :</subfield>
                  <subfield code='b'>together with briefe observations of the customes, manners and worships, &amp;c. of the aforesaid natives, in peace and warre, in life and death : on all which are added spirituall observations, generall and particular, by the authour ... /</subfield>
                  <subfield code='c'>by Roger Williams.</subfield>
            </datafield>
            <datafield ind1='3' ind2='0' tag='246'>
                  <subfield code='a'>Help to the language of the natives in that part of America called New-England.</subfield>
            </datafield>
            <datafield ind1=' ' ind2=' ' tag='260'>
                  <subfield code='a'>London :</subfield>
                  <subfield code='b'>Printed by Gregory Dexter,</subfield>
                  <subfield code='c'>1643.</subfield>
            </datafield>
            <datafield ind1=' ' ind2=' ' tag='300'>
                  <subfield code='a'>[16], 197, [3] p. ;</subfield>
                  <subfield code='c'>14.5 x 8.7 cm</subfield>
            </datafield>
            <datafield ind1=' ' ind2=' ' tag='500'>
                  <subfield code='a'>This catalogue record is derived in large part from a record for an electronic reproduction.</subfield>
            </datafield>
            <datafield ind1='4' ind2=' ' tag='510'>
                  <subfield code='a'>ESTC</subfield>
                  <subfield code='c'>R12632</subfield>
            </datafield>
            <datafield ind1='4' ind2=' ' tag='510'>
                  <subfield code='a'>Sabin</subfield>
                  <subfield code='c'>104339</subfield>
            </datafield>
            <datafield ind1='4' ind2=' ' tag='510'>
                  <subfield code='a'>Church</subfield>
                  <subfield code='c'>460</subfield>
            </datafield>
            <datafield ind1='4' ind2=' ' tag='510'>
                  <subfield code='a'>Wing</subfield>
                  <subfield code='c'>W2766</subfield>
            </datafield>
            <datafield ind1=' ' ind2=' ' tag='561'>
                  <subfield code='a'>WHS copy is Caesar Rodney, Robert Southey, and Thomas Jefferson McKee&apos;s copy, acquired 6/26/19 through Sessler; inv. 551.</subfield>
                  <subfield code='5'>NjP</subfield>
            </datafield>
            <datafield ind1=' ' ind2=' ' tag='563'>
                  <subfield code='3'>WHS copy:</subfield>
                  <subfield code='a'>Bound in 18th cent. calf, rebacked.</subfield>
                  <subfield code='5'>NjP</subfield>
            </datafield>
            <datafield ind1=' ' ind2=' ' tag='583'>
                  <subfield code='x'>mlc</subfield>
            </datafield>
            <datafield ind1='0' ind2=' ' tag='583'>
                  <subfield code='a'>Indigenous Cultures Evergreen Digitization Project</subfield>
                  <subfield code='c'>2022-02</subfield>
                  <subfield code='5'>NjP</subfield>
            </datafield>
            <datafield ind1=' ' ind2='0' tag='650'>
                  <subfield code='a'>Narragansett Indians</subfield>
                  <subfield code='x'>Social life and customs</subfield>
                  <subfield code='v'>Early works to 1800.</subfield>
                  <subfield code='0'>http://id.loc.gov/authorities/subjects/sh85089830</subfield>
            </datafield>
            <datafield ind1=' ' ind2='0' tag='650'>
                  <subfield code='a'>Narragansett language</subfield>
                  <subfield code='v'>Early works to 1800.</subfield>
                  <subfield code='0'>http://id.loc.gov/authorities/subjects/sh85089831</subfield>
            </datafield>
            <datafield ind1='1' ind2=' ' tag='700'>
                  <subfield code='a'>Dexter, Gregory,</subfield>
                  <subfield code='d'>1610-1700,</subfield>
                  <subfield code='e'>printer.</subfield>
                  <subfield code='0'>http://id.loc.gov/authorities/names/n93057903</subfield>
            </datafield>
            <datafield ind1='1' ind2=' ' tag='700'>
                  <subfield code='a'>Rodney, Caesar,</subfield>
                  <subfield code='d'>1728-1784,</subfield>
                  <subfield code='e'>former owner.</subfield>
                  <subfield code='5'>NjP</subfield>
                  <subfield code='0'>http://id.loc.gov/authorities/names/n85141058</subfield>
            </datafield>
            <datafield ind1='1' ind2=' ' tag='700'>
                  <subfield code='a'>Southey, Robert,</subfield>
                  <subfield code='d'>1774-1843,</subfield>
                  <subfield code='e'>former owner.</subfield>
                  <subfield code='5'>NjP</subfield>
                  <subfield code='0'>http://id.loc.gov/authorities/names/n80004250</subfield>
            </datafield>
            <datafield ind1='1' ind2=' ' tag='700'>
                  <subfield code='a'>McKee, Thomas Jefferson,</subfield>
                  <subfield code='d'>1840-1899,</subfield>
                  <subfield code='e'>former owner.</subfield>
                  <subfield code='5'>NjP</subfield>
                  <subfield code='0'>http://id.loc.gov/authorities/names/n2004074940</subfield>
            </datafield>
            <datafield ind1='2' ind2=' ' tag='710'>
                  <subfield code='a'>Charles Sessler (Firm),</subfield>
                  <subfield code='e'>bookseller.</subfield>
                  <subfield code='5'>NjP</subfield>
                  <subfield code='0'>http://id.loc.gov/authorities/names/n83030054</subfield>
            </datafield>
            <datafield ind1=' ' ind2=' ' tag='902'>
                  <subfield code='a'>mrf</subfield>
                  <subfield code='b'>m</subfield>
                  <subfield code='6'>a</subfield>
                  <subfield code='7'>m</subfield>
                  <subfield code='d'>v</subfield>
                  <subfield code='f'>1</subfield>
                  <subfield code='e'>20060411</subfield>
            </datafield>
            <datafield ind1=' ' ind2=' ' tag='914'>
                  <subfield code='a'>(OCoLC)ocn910541291</subfield>
                  <subfield code='b'>OCoLC</subfield>
                  <subfield code='c'>match</subfield>
                  <subfield code='d'>20240327</subfield>
                  <subfield code='e'>processed</subfield>
                  <subfield code='f'>910541291</subfield>
            </datafield>
            <datafield ind1=' ' ind2=' ' tag='AVA'>
                  <subfield code='0'>9946988233506421</subfield>
                  <subfield code='8'>22612118040006421</subfield>
                  <subfield code='a'>01PRI_INST</subfield>
                  <subfield code='b'>rare</subfield>
                  <subfield code='c'>William H. Scheide Library</subfield>
                  <subfield code='d'>101.46</subfield>
                  <subfield code='e'>available</subfield>
                  <subfield code='f'>1</subfield>
                  <subfield code='g'>0</subfield>
                  <subfield code='j'>whs</subfield>
                  <subfield code='k'>8</subfield>
                  <subfield code='p'>1</subfield>
                  <subfield code='q'>Special Collections</subfield>
            </datafield>
      </record>