
      <record>
            <leader>05502cam a2200613 i 4500</leader>
            <controlfield tag='001'>99125498176806421</controlfield>
            <controlfield tag='005'>20240725045907.0</controlfield>
            <controlfield tag='008'>210721t20222022gw a     bq   000 0deng d</controlfield>
            <datafield ind1=' ' ind2=' ' tag='020'>
                  <subfield code='a'>3791379232</subfield>
                  <subfield code='q'>(hardcover)</subfield>
            </datafield>
            <datafield ind1=' ' ind2=' ' tag='020'>
                  <subfield code='a'>9783791379234</subfield>
                  <subfield code='q'>(hardcover)</subfield>
            </datafield>
            <datafield ind1=' ' ind2=' ' tag='035'>
                  <subfield code='a'>(OCoLC)on1260820267</subfield>
            </datafield>
            <datafield ind1=' ' ind2=' ' tag='040'>
                  <subfield code='a'>YDX</subfield>
                  <subfield code='b'>eng</subfield>
                  <subfield code='e'>rda</subfield>
                  <subfield code='c'>YDX</subfield>
                  <subfield code='d'>BDX</subfield>
                  <subfield code='d'>OHX</subfield>
                  <subfield code='d'>TOH</subfield>
                  <subfield code='d'>MNX</subfield>
                  <subfield code='d'>OCLCF</subfield>
                  <subfield code='d'>OCLCO</subfield>
                  <subfield code='d'>ERASA</subfield>
                  <subfield code='d'>CDX</subfield>
            </datafield>
            <datafield ind1='1' ind2=' ' tag='041'>
                  <subfield code='a'>eng</subfield>
                  <subfield code='a'>alg</subfield>
                  <subfield code='h'>eng</subfield>
            </datafield>
            <datafield ind1=' ' ind2=' ' tag='043'>
                  <subfield code='a'>n-cn---</subfield>
            </datafield>
            <datafield ind1=' ' ind2='4' tag='050'>
                  <subfield code='a'>PN1998.3.O24</subfield>
                  <subfield code='b'>A743 2022</subfield>
            </datafield>
            <datafield ind1='0' ind2='4' tag='082'>
                  <subfield code='a'>791.4302/33092</subfield>
                  <subfield code='2'>23</subfield>
            </datafield>
            <datafield ind1=' ' ind2=' ' tag='090'>
                  <subfield code='a'>PN1998.3.O24</subfield>
                  <subfield code='b'>A743 2022q</subfield>
                  <subfield code='k'>Oversize</subfield>
            </datafield>
            <datafield ind1='0' ind2='0' tag='245'>
                  <subfield code='a'>Alanis Obomsawin :</subfield>
                  <subfield code='b'>lifework /</subfield>
                  <subfield code='c'>edited by Richard William Hill, Hila Peleg, and Haus der Kulturen der Welt.</subfield>
            </datafield>
            <datafield ind1='3' ind2='0' tag='246'>
                  <subfield code='a'>Lifework</subfield>
            </datafield>
            <datafield ind1=' ' ind2='1' tag='264'>
                  <subfield code='a'>Munich :</subfield>
                  <subfield code='b'>Prestel,</subfield>
                  <subfield code='c'>[2022]</subfield>
            </datafield>
            <datafield ind1=' ' ind2='4' tag='264'>
                  <subfield code='c'>©2022</subfield>
            </datafield>
            <datafield ind1=' ' ind2=' ' tag='300'>
                  <subfield code='a'>271 pages :</subfield>
                  <subfield code='b'>illustrations (chiefly color) ;</subfield>
                  <subfield code='c'>32 cm</subfield>
            </datafield>
            <datafield ind1=' ' ind2=' ' tag='336'>
                  <subfield code='a'>text</subfield>
                  <subfield code='b'>txt</subfield>
                  <subfield code='2'>rdacontent</subfield>
            </datafield>
            <datafield ind1=' ' ind2=' ' tag='336'>
                  <subfield code='a'>still image</subfield>
                  <subfield code='b'>sti</subfield>
                  <subfield code='2'>rdacontent</subfield>
            </datafield>
            <datafield ind1=' ' ind2=' ' tag='337'>
                  <subfield code='a'>unmediated</subfield>
                  <subfield code='b'>n</subfield>
                  <subfield code='2'>rdamedia</subfield>
            </datafield>
            <datafield ind1=' ' ind2=' ' tag='338'>
                  <subfield code='a'>volume</subfield>
                  <subfield code='b'>nc</subfield>
                  <subfield code='2'>rdacarrier</subfield>
            </datafield>
            <datafield ind1=' ' ind2=' ' tag='500'>
                  <subfield code='a'>&quot;This book accompanies the exhibition The Children Have to Hear Another Story--Alanis Obomsawin: Haus der Kulturen der Welt, Berlin, January 23-April 18, 2022; Vancouver Art Gallery, Spring 2023; Art Museum at the University of Toronto, Summer 2023&quot;--Page 262.</subfield>
            </datafield>
            <datafield ind1=' ' ind2=' ' tag='504'>
                  <subfield code='a'>Includes bibliographical references and filmography (page 259).</subfield>
            </datafield>
            <datafield ind1='0' ind2='0' tag='505'>
                  <subfield code='t'>Introduction: the children have to hear another story /</subfield>
                  <subfield code='r'>Richard William Hill, Hila Peleg --</subfield>
                  <subfield code='t'>Christmas at Moose Factory /</subfield>
                  <subfield code='r'>Jesse Wente --</subfield>
                  <subfield code='t'>Mother of Many Children /</subfield>
                  <subfield code='r'>Doreen Manuel --</subfield>
                  <subfield code='t'>In situ: indigenous media landscapes in Canada /</subfield>
                  <subfield code='r'>Karrmen Crey --</subfield>
                  <subfield code='t'>The gift of time: listening in Amisk /</subfield>
                  <subfield code='r'>Alexandra Juhasz --</subfield>
                  <subfield code='t'>What resurgence looked like /</subfield>
                  <subfield code='r'>Richard William Hill, Cheryl L&apos;Hirondelle, Joseph Naytowhow --</subfield>
                  <subfield code='t'>Incident at Restigouche, Is the Crown at War with Us?, Our Nationhood /</subfield>
                  <subfield code='r'>Ursula Johnson --</subfield>
                  <subfield code='t'>Salmon stills in motion: the local as colonial critique in the films of Alanis Obomsawin /</subfield>
                  <subfield code='r'>Elizabeth A. Povinelli --</subfield>
                  <subfield code='t'>Richard Cardinal: Cry from a Diary of a Métis Child /</subfield>
                  <subfield code='r'>Loretta Todd --</subfield>
                  <subfield code='t'>Poundmaker&apos;s Lodge: A Healing Place /</subfield>
                  <subfield code='r'>Richard Fung --</subfield>
                  <subfield code='t'>Kanehsatake: 270 years of Resistance /</subfield>
                  <subfield code='r'>Robert Verrall --</subfield>
                  <subfield code='t'>Indian roadblocks: five things that happened from 1973 to 1990 /</subfield>
                  <subfield code='r'>Richard William Hill --</subfield>
                  <subfield code='t'>Walker, Sigwan, When All the Leaves are Gone /</subfield>
                  <subfield code='r'>Lisa Steele --</subfield>
                  <subfield code='t'>Listening, dreaming, fabricating /</subfield>
                  <subfield code='r'>Jessica L. Horton --</subfield>
                  <subfield code='t'>Waban-Aki: People from Where the Sun Rises /</subfield>
                  <subfield code='r'>Monique Nolett-Ille --</subfield>
                  <subfield code='t'>The People of the Kattawapiskak River, Hi-Ho Mistahey!, Trick or Treaty?, We Can&apos;t Make the Same Mistake Twice, Our People Will Be Healed, Walking is Medicine, Jordan River Anderson, The Messenger /</subfield>
                  <subfield code='r'>Jason Ryle --</subfield>
                  <subfield code='t'>&quot;Before I made films, I was singing&quot; /</subfield>
                  <subfield code='r'>Alanis Obomsawin, Monika Kin Gagnon --</subfield>
                  <subfield code='g'>Biography --</subfield>
                  <subfield code='g'>Filmography --</subfield>
                  <subfield code='g'>Contributors&apos; biographies --</subfield>
                  <subfield code='t'>What drives me /</subfield>
                  <subfield code='r'>Alanis Obomsawin.</subfield>
            </datafield>
            <datafield ind1=' ' ind2=' ' tag='520'>
                  <subfield code='a'>&quot;One of today&apos;s most important documentary filmmakers, Alanis Obomsawin has dedicated her life&apos;s work to shining a light on the injustices experienced by Canada&apos;s Indigenous people. This retrospective monograph features an extensive interview with Obomsawin and includes stills and reflections on her entire career including her most recent series devoted to the rights of Indigenous children. Never shying away from controversy, Obomsawin&apos;s films have played a critical role in exposing ongoing systemic bias towards Indigenous populations-from fishing rights and education to health care and treaty violations. Obomsawin is also a graphic artist, and she incorporates her often dream-inspired etchings and prints into many of her films. This volume includes illuminating essays exploring Obomsawin&apos;s practice and mission as well as personal commentary from collaborators, archival materials, and photographs from the filmmaker&apos;s personal life and professional exploits. As Obomsawin closes in on her ninth decade of life-and fifth decade behind the camera-this beautifully illustrated record of her astounding body of work and tireless efforts on behalf of Indigenous peoples and culture is an inspiring celebration of the power of film to dramatically change the course of history&quot;--</subfield>
                  <subfield code='c'>Provided by publisher.</subfield>
            </datafield>
            <datafield ind1=' ' ind2=' ' tag='546'>
                  <subfield code='a'>In English, with an afterword in English and Abenaki translation.</subfield>
            </datafield>
            <datafield ind1='1' ind2='0' tag='600'>
                  <subfield code='a'>Obomsawin, Alanis</subfield>
                  <subfield code='x'>Criticism and interpretation.</subfield>
            </datafield>
            <datafield ind1=' ' ind2='0' tag='650'>
                  <subfield code='a'>Motion picture producers and directors</subfield>
                  <subfield code='z'>Canada.</subfield>
            </datafield>
            <datafield ind1=' ' ind2='0' tag='650'>
                  <subfield code='a'>Indigenous peoples</subfield>
                  <subfield code='x'>Civil rights</subfield>
                  <subfield code='z'>Canada.</subfield>
            </datafield>
            <datafield ind1=' ' ind2='0' tag='650'>
                  <subfield code='a'>Indigenous peoples in motion pictures.</subfield>
            </datafield>
            <datafield ind1=' ' ind2='0' tag='650'>
                  <subfield code='a'>Indigenous films.</subfield>
            </datafield>
            <datafield ind1=' ' ind2='0' tag='650'>
                  <subfield code='a'>Documentary films.</subfield>
            </datafield>
            <datafield ind1=' ' ind2='7' tag='650'>
                  <subfield code='a'>Indigenous peoples</subfield>
                  <subfield code='x'>Civil rights.</subfield>
                  <subfield code='2'>fast</subfield>
                  <subfield code='0'>(OCoLC)fst00970219</subfield>
            </datafield>
            <datafield ind1=' ' ind2='7' tag='650'>
                  <subfield code='a'>Motion picture producers and directors.</subfield>
                  <subfield code='2'>fast</subfield>
                  <subfield code='0'>(OCoLC)fst01027225</subfield>
            </datafield>
            <datafield ind1=' ' ind2='7' tag='651'>
                  <subfield code='a'>Canada.</subfield>
                  <subfield code='2'>fast</subfield>
                  <subfield code='0'>(OCoLC)fst01204310</subfield>
            </datafield>
            <datafield ind1=' ' ind2='7' tag='655'>
                  <subfield code='a'>exhibition catalogs.</subfield>
                  <subfield code='2'>aat</subfield>
            </datafield>
            <datafield ind1=' ' ind2='7' tag='655'>
                  <subfield code='a'>Exhibition catalogs.</subfield>
                  <subfield code='2'>lcgft</subfield>
            </datafield>
            <datafield ind1='1' ind2='2' tag='700'>
                  <subfield code='a'>Obomsawin, Alanis.</subfield>
                  <subfield code='t'>Works.</subfield>
                  <subfield code='k'>Selections.</subfield>
            </datafield>
            <datafield ind1='1' ind2=' ' tag='700'>
                  <subfield code='a'>Hill, Richard William,</subfield>
                  <subfield code='d'>1967-</subfield>
                  <subfield code='e'>editor.</subfield>
            </datafield>
            <datafield ind1='1' ind2=' ' tag='700'>
                  <subfield code='a'>Peleg, Hila,</subfield>
                  <subfield code='e'>editor.</subfield>
            </datafield>
            <datafield ind1='2' ind2=' ' tag='710'>
                  <subfield code='a'>Haus der Kulturen der Welt,</subfield>
                  <subfield code='e'>editor,</subfield>
                  <subfield code='e'>host institution.</subfield>
            </datafield>
            <datafield ind1='2' ind2=' ' tag='710'>
                  <subfield code='a'>Vancouver Art Gallery,</subfield>
                  <subfield code='e'>host institution.</subfield>
            </datafield>
            <datafield ind1='2' ind2=' ' tag='710'>
                  <subfield code='a'>University of Toronto.</subfield>
                  <subfield code='b'>Art Museum,</subfield>
                  <subfield code='e'>host institution.</subfield>
            </datafield>
            <datafield ind1=' ' ind2=' ' tag='902'>
                  <subfield code='a'>940001858</subfield>
                  <subfield code='w'>copy</subfield>
                  <subfield code='1'>20220614115903.0</subfield>
            </datafield>
            <datafield ind1=' ' ind2=' ' tag='910'>
                  <subfield code='a'>supplied through approval plan</subfield>
                  <subfield code='b'>88026</subfield>
                  <subfield code='d'>E-BLO</subfield>
                  <subfield code='g'>HARR</subfield>
                  <subfield code='h'>f</subfield>
            </datafield>
            <datafield ind1=' ' ind2=' ' tag='912'>
                  <subfield code='a'>6652</subfield>
            </datafield>
            <datafield ind1=' ' ind2=' ' tag='914'>
                  <subfield code='a'>(OCoLC)on1260820267</subfield>
                  <subfield code='b'>OCoLC</subfield>
                  <subfield code='c'>match</subfield>
                  <subfield code='d'>20240717</subfield>
                  <subfield code='e'>processed</subfield>
                  <subfield code='f'>1260820267</subfield>
            </datafield>
            <datafield ind1=' ' ind2=' ' tag='980'>
                  <subfield code='a'>20220509</subfield>
                  <subfield code='b'>57.27</subfield>
                  <subfield code='e'>66.93</subfield>
                  <subfield code='f'>280083</subfield>
                  <subfield code='g'>1</subfield>
            </datafield>
            <datafield ind1=' ' ind2=' ' tag='981'>
                  <subfield code='b'>G0201mon</subfield>
                  <subfield code='d'>har210341534</subfield>
            </datafield>
            <datafield ind1=' ' ind2=' ' tag='AVA'>
                  <subfield code='0'>99125498176806421</subfield>
                  <subfield code='8'>22928378020006421</subfield>
                  <subfield code='a'>01PRI_INST</subfield>
                  <subfield code='b'>firestone</subfield>
                  <subfield code='c'>Stacks</subfield>
                  <subfield code='d'>Oversize PN1998.3.O24 A743 2022q</subfield>
                  <subfield code='e'>available</subfield>
                  <subfield code='f'>1</subfield>
                  <subfield code='g'>0</subfield>
                  <subfield code='j'>stacks</subfield>
                  <subfield code='k'>0</subfield>
                  <subfield code='p'>1</subfield>
                  <subfield code='q'>Firestone Library</subfield>
            </datafield>
      </record>