
      <record>
            <leader>01385cam a2200385 i 4500</leader>
            <controlfield tag='001'>99130694650306421</controlfield>
            <controlfield tag='005'>20240912040604.0</controlfield>
            <controlfield tag='008'>240413s2021    gw       b    000 0 eng d</controlfield>
            <datafield ind1=' ' ind2=' ' tag='020'>
                  <subfield code='a'>9783969390313</subfield>
                  <subfield code='q'>(hardcover)</subfield>
            </datafield>
            <datafield ind1=' ' ind2=' ' tag='020'>
                  <subfield code='a'>3969390311</subfield>
                  <subfield code='q'>(hardcover)</subfield>
            </datafield>
            <datafield ind1='3' ind2=' ' tag='024'>
                  <subfield code='a'>9783969390313</subfield>
            </datafield>
            <datafield ind1=' ' ind2=' ' tag='035'>
                  <subfield code='a'>(OCoLC)on1429873698</subfield>
            </datafield>
            <datafield ind1=' ' ind2=' ' tag='040'>
                  <subfield code='a'>OHX</subfield>
                  <subfield code='b'>eng</subfield>
                  <subfield code='e'>rda</subfield>
                  <subfield code='c'>OHX</subfield>
                  <subfield code='d'>PUL</subfield>
            </datafield>
            <datafield ind1='0' ind2=' ' tag='041'>
                  <subfield code='a'>eng</subfield>
                  <subfield code='a'>alg</subfield>
            </datafield>
            <datafield ind1=' ' ind2='4' tag='050'>
                  <subfield code='a'>PM1761</subfield>
                  <subfield code='b'>.G85 2021</subfield>
            </datafield>
            <datafield ind1='1' ind2=' ' tag='100'>
                  <subfield code='a'>Guile, Timothy Carl,</subfield>
                  <subfield code='d'>1945-</subfield>
                  <subfield code='e'>author.</subfield>
            </datafield>
            <datafield ind1='1' ind2='0' tag='245'>
                  <subfield code='a'>Anthology of Menominee sayings :</subfield>
                  <subfield code='b'>texts &amp; grammar /</subfield>
                  <subfield code='c'>Timothy Guile.</subfield>
            </datafield>
            <datafield ind1=' ' ind2=' ' tag='250'>
                  <subfield code='a'>2nd edition.</subfield>
            </datafield>
            <datafield ind1=' ' ind2='1' tag='264'>
                  <subfield code='a'>Muenchen :</subfield>
                  <subfield code='b'>Lincom GmbH,</subfield>
                  <subfield code='c'>2021.</subfield>
            </datafield>
            <datafield ind1=' ' ind2=' ' tag='300'>
                  <subfield code='a'>xiv, 502 pages ;</subfield>
                  <subfield code='c'>25 cm.</subfield>
            </datafield>
            <datafield ind1=' ' ind2=' ' tag='336'>
                  <subfield code='a'>text</subfield>
                  <subfield code='b'>txt</subfield>
                  <subfield code='2'>rdacontent</subfield>
            </datafield>
            <datafield ind1=' ' ind2=' ' tag='337'>
                  <subfield code='a'>unmediated</subfield>
                  <subfield code='b'>n</subfield>
                  <subfield code='2'>rdamedia</subfield>
            </datafield>
            <datafield ind1=' ' ind2=' ' tag='338'>
                  <subfield code='a'>volume</subfield>
                  <subfield code='b'>nc</subfield>
                  <subfield code='2'>rdacarrier</subfield>
            </datafield>
            <datafield ind1='1' ind2=' ' tag='490'>
                  <subfield code='a'>LINCOM studies in native American linguistics ;</subfield>
                  <subfield code='v'>41</subfield>
            </datafield>
            <datafield ind1=' ' ind2=' ' tag='504'>
                  <subfield code='a'>Includes bibliographical references.</subfield>
            </datafield>
            <datafield ind1=' ' ind2='0' tag='650'>
                  <subfield code='a'>Menominee language</subfield>
                  <subfield code='v'>Conversation and phrase books.</subfield>
            </datafield>
            <datafield ind1='0' ind2=' ' tag='776'>
                  <subfield code='z'>9783895862748</subfield>
            </datafield>
            <datafield ind1=' ' ind2='0' tag='830'>
                  <subfield code='a'>LINCOM studies in Native American linguistics ;</subfield>
                  <subfield code='v'>41.</subfield>
            </datafield>
            <datafield ind1=' ' ind2=' ' tag='902'>
                  <subfield code='a'>940010207</subfield>
                  <subfield code='w'>original</subfield>
                  <subfield code='1'>20240904093443.0</subfield>
            </datafield>
            <datafield ind1=' ' ind2=' ' tag='910'>
                  <subfield code='a'>Harrassowitz bibliographic data with order information</subfield>
                  <subfield code='b'>559</subfield>
                  <subfield code='d'>E</subfield>
            </datafield>
            <datafield ind1=' ' ind2=' ' tag='914'>
                  <subfield code='a'>(OCoLC)on1429873698</subfield>
                  <subfield code='b'>OCoLC</subfield>
                  <subfield code='c'>match</subfield>
                  <subfield code='d'>20240911</subfield>
                  <subfield code='e'>processed</subfield>
                  <subfield code='f'>1429873698</subfield>
            </datafield>
            <datafield ind1=' ' ind2=' ' tag='960'>
                  <subfield code='q'>05-08-24</subfield>
                  <subfield code='w'>eng</subfield>
                  <subfield code='x'>gw</subfield>
                  <subfield code='z'>USD</subfield>
            </datafield>
            <datafield ind1=' ' ind2=' ' tag='961'>
                  <subfield code='i'>har210087895</subfield>
            </datafield>
            <datafield ind1=' ' ind2=' ' tag='980'>
                  <subfield code='g'>1</subfield>
                  <subfield code='h'>07E9994</subfield>
                  <subfield code='v'>Harr</subfield>
            </datafield>
            <datafield ind1=' ' ind2=' ' tag='981'>
                  <subfield code='a'>177.54</subfield>
            </datafield>
            <datafield ind1=' ' ind2=' ' tag='AVA'>
                  <subfield code='0'>99130694650306421</subfield>
                  <subfield code='8'>221019107160006421</subfield>
                  <subfield code='a'>01PRI_INST</subfield>
                  <subfield code='b'>firestone</subfield>
                  <subfield code='c'>Stacks</subfield>
                  <subfield code='d'>PM1761 .G85 2021</subfield>
                  <subfield code='e'>unavailable</subfield>
                  <subfield code='f'>1</subfield>
                  <subfield code='g'>1</subfield>
                  <subfield code='j'>stacks</subfield>
                  <subfield code='k'>0</subfield>
                  <subfield code='p'>1</subfield>
                  <subfield code='q'>Firestone Library</subfield>
            </datafield>
      </record>