
      <record>
            <leader>03425cam a2200625 i 4500</leader>
            <controlfield tag='001'>99125411325506421</controlfield>
            <controlfield tag='005'>20240509052844.0</controlfield>
            <controlfield tag='008'>210128s2021    maua     b    001 0 eng^^</controlfield>
            <datafield ind1=' ' ind2=' ' tag='010'>
                  <subfield code='a'>2020053345</subfield>
            </datafield>
            <datafield ind1=' ' ind2=' ' tag='020'>
                  <subfield code='a'>9781625345806</subfield>
            </datafield>
            <datafield ind1=' ' ind2=' ' tag='020'>
                  <subfield code='a'>9781625345790</subfield>
                  <subfield code='q'>paperback</subfield>
            </datafield>
            <datafield ind1=' ' ind2=' ' tag='020'>
                  <subfield code='a'>1625345798</subfield>
                  <subfield code='q'>paperback</subfield>
            </datafield>
            <datafield ind1=' ' ind2=' ' tag='020'>
                  <subfield code='a'>1625345801</subfield>
                  <subfield code='q'>hardcover</subfield>
            </datafield>
            <datafield ind1=' ' ind2=' ' tag='020'>
                  <subfield code='z'>9781613768365</subfield>
                  <subfield code='q'>electronic book</subfield>
            </datafield>
            <datafield ind1=' ' ind2=' ' tag='020'>
                  <subfield code='z'>9781613768372</subfield>
                  <subfield code='q'>electronic book</subfield>
            </datafield>
            <datafield ind1=' ' ind2=' ' tag='035'>
                  <subfield code='9'>(YDXIT)17095780</subfield>
            </datafield>
            <datafield ind1=' ' ind2=' ' tag='035'>
                  <subfield code='a'>(OCoLC)on1235901889</subfield>
            </datafield>
            <datafield ind1=' ' ind2=' ' tag='040'>
                  <subfield code='a'>AzTeS/DLC</subfield>
                  <subfield code='b'>eng</subfield>
                  <subfield code='e'>rda</subfield>
                  <subfield code='c'>DLC</subfield>
                  <subfield code='d'>OCLCO</subfield>
                  <subfield code='d'>OCLCF</subfield>
                  <subfield code='d'>UKMGB</subfield>
                  <subfield code='d'>MYG</subfield>
                  <subfield code='d'>NDA</subfield>
                  <subfield code='d'>AMH</subfield>
                  <subfield code='d'>OCLCO</subfield>
                  <subfield code='d'>YDX</subfield>
            </datafield>
            <datafield ind1='0' ind2=' ' tag='041'>
                  <subfield code='a'>eng</subfield>
                  <subfield code='a'>alg</subfield>
            </datafield>
            <datafield ind1=' ' ind2='7' tag='041'>
                  <subfield code='a'>eng</subfield>
                  <subfield code='2'>iso639-3</subfield>
            </datafield>
            <datafield ind1=' ' ind2=' ' tag='042'>
                  <subfield code='a'>pcc</subfield>
            </datafield>
            <datafield ind1='0' ind2='0' tag='050'>
                  <subfield code='a'>E99.P5</subfield>
                  <subfield code='b'>D36 2021</subfield>
            </datafield>
            <datafield ind1='0' ind2='0' tag='082'>
                  <subfield code='a'>974.1004/9734</subfield>
                  <subfield code='2'>23</subfield>
            </datafield>
            <datafield ind1='1' ind2=' ' tag='100'>
                  <subfield code='a'>Dana, Carol A.</subfield>
                  <subfield code='e'>author.</subfield>
            </datafield>
            <datafield ind1='1' ind2='0' tag='245'>
                  <subfield code='a'>&quot;Still they remember me&quot; /</subfield>
                  <subfield code='c'>Carol A. Dana, Margo Lukens, and Conor M. Quinn.</subfield>
            </datafield>
            <datafield ind1=' ' ind2='1' tag='264'>
                  <subfield code='a'>Amherst :</subfield>
                  <subfield code='b'>University of Massachusetts Press,</subfield>
                  <subfield code='c'>[2021]</subfield>
            </datafield>
            <datafield ind1=' ' ind2=' ' tag='300'>
                  <subfield code='a'>xviii, 353 pages :</subfield>
                  <subfield code='b'>illustrations ;</subfield>
                  <subfield code='c'>18 x 23 cm.</subfield>
            </datafield>
            <datafield ind1=' ' ind2=' ' tag='336'>
                  <subfield code='a'>text</subfield>
                  <subfield code='b'>txt</subfield>
                  <subfield code='2'>rdacontent</subfield>
            </datafield>
            <datafield ind1=' ' ind2=' ' tag='337'>
                  <subfield code='a'>unmediated</subfield>
                  <subfield code='b'>n</subfield>
                  <subfield code='2'>rdamedia</subfield>
            </datafield>
            <datafield ind1=' ' ind2=' ' tag='338'>
                  <subfield code='a'>volume</subfield>
                  <subfield code='b'>nc</subfield>
                  <subfield code='2'>rdacarrier</subfield>
            </datafield>
            <datafield ind1='1' ind2=' ' tag='490'>
                  <subfield code='a'>Native Americans of the Northeast</subfield>
            </datafield>
            <datafield ind1='0' ind2=' ' tag='490'>
                  <subfield code='a'>Penobscot transformer tales ;</subfield>
                  <subfield code='v'>volume 1</subfield>
            </datafield>
            <datafield ind1=' ' ind2=' ' tag='504'>
                  <subfield code='a'>Includes bibliographical references and index.</subfield>
            </datafield>
            <datafield ind1=' ' ind2=' ' tag='520'>
                  <subfield code='a'>&quot;Newell Lyon learned the oral tradition from his elders in Maine&apos;s Penobscot Nation and was widely considered to be a &quot;raconteur among the Indians.&quot; The thirteen stories in this new volume were among those that Lyon recounted to anthropologist Frank Speck, who published them in 1918 as Penobscot Transformer Tales. Transcribed into current Penobscot orthography and with a new English translation, this instructive and entertaining story cycle focuses on the childhood and coming-of-age of Gluskabe, the tribe&apos;s culture hero. Learning from his grandmother Woodchuck, Gluskabe applies lessons that help shape the Wabanaki landscape and bring into balance all the forces affecting human life. These tales offer a window into the language and culture of the Penobscot people in the early twentieth century. In &quot;Still They Remember Me,&quot; stories are presented in the Penobscot language and English side-by-side, coupled with illustrations from members of the tribal community. For the first time, these stories are accessible to scholars and a new generation of Penobscot language learners&quot;--</subfield>
                  <subfield code='c'>Provided by publisher.</subfield>
            </datafield>
            <datafield ind1=' ' ind2=' ' tag='546'>
                  <subfield code='a'>English and Penobscot.</subfield>
            </datafield>
            <datafield ind1=' ' ind2='0' tag='650'>
                  <subfield code='a'>Penobscot Indians</subfield>
                  <subfield code='x'>Folklore.</subfield>
            </datafield>
            <datafield ind1=' ' ind2='0' tag='650'>
                  <subfield code='a'>Penobscot Indians</subfield>
                  <subfield code='x'>Language</subfield>
                  <subfield code='v'>Texts.</subfield>
            </datafield>
            <datafield ind1=' ' ind2='7' tag='650'>
                  <subfield code='a'>Penobscot Indians.</subfield>
                  <subfield code='2'>fast</subfield>
                  <subfield code='0'>(OCoLC)fst01057025</subfield>
            </datafield>
            <datafield ind1=' ' ind2='0' tag='650'>
                  <subfield code='a'>Penobscot Indians</subfield>
                  <subfield code='x'>History.</subfield>
            </datafield>
            <datafield ind1=' ' ind2='0' tag='650'>
                  <subfield code='a'>Penobscot Indians</subfield>
                  <subfield code='x'>Philosophy.</subfield>
            </datafield>
            <datafield ind1=' ' ind2='7' tag='655'>
                  <subfield code='a'>Folk tales.</subfield>
                  <subfield code='2'>fast</subfield>
                  <subfield code='0'>(OCoLC)fst01921662</subfield>
            </datafield>
            <datafield ind1=' ' ind2='7' tag='655'>
                  <subfield code='a'>Folklore.</subfield>
                  <subfield code='2'>fast</subfield>
                  <subfield code='0'>(OCoLC)fst01423784</subfield>
            </datafield>
            <datafield ind1=' ' ind2='7' tag='655'>
                  <subfield code='a'>Texts.</subfield>
                  <subfield code='2'>fast</subfield>
                  <subfield code='0'>(OCoLC)fst01423705</subfield>
            </datafield>
            <datafield ind1=' ' ind2='7' tag='655'>
                  <subfield code='a'>Folk tales.</subfield>
                  <subfield code='2'>lcgft</subfield>
            </datafield>
            <datafield ind1='1' ind2=' ' tag='700'>
                  <subfield code='a'>Lukens, Margo,</subfield>
                  <subfield code='e'>author.</subfield>
            </datafield>
            <datafield ind1='1' ind2=' ' tag='700'>
                  <subfield code='a'>Quinn, Conor M.,</subfield>
                  <subfield code='e'>author.</subfield>
            </datafield>
            <datafield ind1='0' ind2='8' tag='776'>
                  <subfield code='i'>Online version:</subfield>
                  <subfield code='a'>Dana, Carol A.</subfield>
                  <subfield code='t'>&quot;Still they remember me&quot;</subfield>
                  <subfield code='d'>Amherst : University of Massachusetts Press, [2021]</subfield>
                  <subfield code='z'>9781613768365</subfield>
                  <subfield code='w'>(DLC)  2020053346</subfield>
            </datafield>
            <datafield ind1=' ' ind2='0' tag='830'>
                  <subfield code='a'>Native Americans of the Northeast</subfield>
            </datafield>
            <datafield ind1=' ' ind2=' ' tag='910'>
                  <subfield code='c'>C0707mon</subfield>
                  <subfield code='d'>3110-10</subfield>
                  <subfield code='g'>YBP</subfield>
            </datafield>
            <datafield ind1=' ' ind2=' ' tag='914'>
                  <subfield code='a'>(OCoLC)on1235901889</subfield>
                  <subfield code='b'>OCoLC</subfield>
                  <subfield code='c'>match</subfield>
                  <subfield code='d'>20240508</subfield>
                  <subfield code='e'>processed</subfield>
                  <subfield code='f'>1235901889</subfield>
            </datafield>
            <datafield ind1=' ' ind2=' ' tag='960'>
                  <subfield code='o'>1</subfield>
                  <subfield code='z'>USD</subfield>
            </datafield>
            <datafield ind1=' ' ind2=' ' tag='961'>
                  <subfield code='f'>SAK</subfield>
                  <subfield code='m'>311010</subfield>
                  <subfield code='n'>Cloth</subfield>
            </datafield>
            <datafield ind1=' ' ind2=' ' tag='980'>
                  <subfield code='i'>90.00</subfield>
            </datafield>
            <datafield ind1=' ' ind2=' ' tag='982'>
                  <subfield code='c'>f</subfield>
                  <subfield code='r'>1</subfield>
            </datafield>
            <datafield ind1=' ' ind2=' ' tag='984'>
                  <subfield code='a'>20211013</subfield>
                  <subfield code='b'>124747</subfield>
                  <subfield code='c'>YBP-US</subfield>
            </datafield>
            <datafield ind1=' ' ind2=' ' tag='AVA'>
                  <subfield code='0'>99125411325506421</subfield>
                  <subfield code='8'>22906088160006421</subfield>
                  <subfield code='a'>01PRI_INST</subfield>
                  <subfield code='b'>firestone</subfield>
                  <subfield code='c'>Stacks</subfield>
                  <subfield code='d'>E99.P5 D36 2021</subfield>
                  <subfield code='e'>available</subfield>
                  <subfield code='f'>1</subfield>
                  <subfield code='g'>0</subfield>
                  <subfield code='v'>from:1 until:1</subfield>
                  <subfield code='j'>stacks</subfield>
                  <subfield code='k'>0</subfield>
                  <subfield code='p'>1</subfield>
                  <subfield code='q'>Firestone Library</subfield>
            </datafield>
      </record>