
      <record>
            <leader>04117cam a2200781 i 4500</leader>
            <controlfield tag='001'>99122353413506421</controlfield>
            <controlfield tag='005'>20230125120145.0</controlfield>
            <controlfield tag='008'>180827t20202020onca     b    000 0aeng^^</controlfield>
            <datafield ind1=' ' ind2=' ' tag='020'>
                  <subfield code='a'>9781771124089</subfield>
                  <subfield code='q'>paperback</subfield>
            </datafield>
            <datafield ind1=' ' ind2=' ' tag='020'>
                  <subfield code='a'>1771124083</subfield>
                  <subfield code='q'>paperback</subfield>
            </datafield>
            <datafield ind1=' ' ind2=' ' tag='035'>
                  <subfield code='9'>(YDXIT)15668664</subfield>
            </datafield>
            <datafield ind1=' ' ind2=' ' tag='035'>
                  <subfield code='a'>(NjP)12235341-princetondb</subfield>
            </datafield>
            <datafield ind1=' ' ind2=' ' tag='035'>
                  <subfield code='a'>(OCoLC)on1049911454</subfield>
            </datafield>
            <datafield ind1=' ' ind2=' ' tag='035'>
                  <subfield code='z'>(NjP)Voyager12235341</subfield>
            </datafield>
            <datafield ind1=' ' ind2=' ' tag='040'>
                  <subfield code='a'>NLC</subfield>
                  <subfield code='b'>eng</subfield>
                  <subfield code='e'>rda</subfield>
                  <subfield code='c'>YDX</subfield>
                  <subfield code='d'>BDX</subfield>
                  <subfield code='d'>OCLCQ</subfield>
                  <subfield code='d'>NLC</subfield>
                  <subfield code='d'>OCLCF</subfield>
                  <subfield code='d'>ERASA</subfield>
                  <subfield code='d'>OCL</subfield>
                  <subfield code='d'>UAB</subfield>
                  <subfield code='d'>VP@</subfield>
                  <subfield code='d'>OCLCO</subfield>
                  <subfield code='d'>YDX</subfield>
            </datafield>
            <datafield ind1='1' ind2=' ' tag='041'>
                  <subfield code='a'>eng</subfield>
                  <subfield code='a'>alg</subfield>
                  <subfield code='h'>alg</subfield>
                  <subfield code='h'>fre</subfield>
            </datafield>
            <datafield ind1=' ' ind2=' ' tag='042'>
                  <subfield code='a'>lac</subfield>
            </datafield>
            <datafield ind1=' ' ind2=' ' tag='043'>
                  <subfield code='a'>n-cn-qu</subfield>
            </datafield>
            <datafield ind1=' ' ind2='4' tag='050'>
                  <subfield code='a'>E99.M87</subfield>
                  <subfield code='b'>A58 2020</subfield>
            </datafield>
            <datafield ind1=' ' ind2='0' tag='055'>
                  <subfield code='a'>E99.M87</subfield>
                  <subfield code='b'>A58 2020</subfield>
            </datafield>
            <datafield ind1='0' ind2='4' tag='082'>
                  <subfield code='a'>971.4004/97</subfield>
                  <subfield code='2'>23</subfield>
            </datafield>
            <datafield ind1=' ' ind2=' ' tag='084'>
                  <subfield code='a'>cci1icc</subfield>
                  <subfield code='2'>lacc</subfield>
            </datafield>
            <datafield ind1='1' ind2=' ' tag='100'>
                  <subfield code='a'>Antane Kapesh, An,</subfield>
                  <subfield code='d'>1926-</subfield>
                  <subfield code='e'>author.</subfield>
            </datafield>
            <datafield ind1='1' ind2='0' tag='240'>
                  <subfield code='a'>Works</subfield>
            </datafield>
            <datafield ind1='1' ind2='0' tag='245'>
                  <subfield code='a'>Eukuan nin matshi-manitu innushkueu = I am a damn savage ;</subfield>
                  <subfield code='b'>Tanite nene etutamin nitassi? = What have you done to my country? /</subfield>
                  <subfield code='c'>An Antane Kapesh ; Sarah Henzi, translation from French and afterword.</subfield>
            </datafield>
            <datafield ind1='3' ind2='0' tag='246'>
                  <subfield code='a'>I am a damn savage</subfield>
            </datafield>
            <datafield ind1='3' ind2='0' tag='246'>
                  <subfield code='a'>Tanite nene etutamin nitassi?</subfield>
            </datafield>
            <datafield ind1='3' ind2='0' tag='246'>
                  <subfield code='a'>What have you done to my country?</subfield>
            </datafield>
            <datafield ind1=' ' ind2='1' tag='264'>
                  <subfield code='a'>Waterloo, Ontario :</subfield>
                  <subfield code='b'>Wilfrid Laurier University Press,</subfield>
                  <subfield code='c'>[2020]</subfield>
            </datafield>
            <datafield ind1=' ' ind2='4' tag='264'>
                  <subfield code='c'>©2020</subfield>
            </datafield>
            <datafield ind1=' ' ind2=' ' tag='300'>
                  <subfield code='a'>310 pages ;</subfield>
                  <subfield code='c'>21 cm.</subfield>
            </datafield>
            <datafield ind1=' ' ind2=' ' tag='336'>
                  <subfield code='a'>text</subfield>
                  <subfield code='b'>txt</subfield>
                  <subfield code='2'>rdacontent</subfield>
            </datafield>
            <datafield ind1=' ' ind2=' ' tag='337'>
                  <subfield code='a'>unmediated</subfield>
                  <subfield code='b'>n</subfield>
                  <subfield code='2'>rdamedia</subfield>
            </datafield>
            <datafield ind1=' ' ind2=' ' tag='338'>
                  <subfield code='a'>volume</subfield>
                  <subfield code='b'>nc</subfield>
                  <subfield code='2'>rdacarrier</subfield>
            </datafield>
            <datafield ind1='1' ind2=' ' tag='490'>
                  <subfield code='a'>Indigenous studies series</subfield>
            </datafield>
            <datafield ind1=' ' ind2=' ' tag='500'>
                  <subfield code='a'>Eukuan nin matshimanitu innu-iskueu previously published in Innu with French translation: Montréal: Leméac, 1976.</subfield>
            </datafield>
            <datafield ind1=' ' ind2=' ' tag='500'>
                  <subfield code='a'>Tanite nene etutamin nitassi? previously published under title: Tante nana etutamin nitassi? Montreal: Editions Impossibles, 1979.</subfield>
            </datafield>
            <datafield ind1=' ' ind2=' ' tag='504'>
                  <subfield code='a'>Includes bibliographical references.</subfield>
            </datafield>
            <datafield ind1=' ' ind2=' ' tag='520'>
                  <subfield code='a'>&quot;The book contains two works in English translation (the original Innu appears en face throughout), and these deal with topics such as loss of hunting territory, the residential school system, and police brutality.&quot;--</subfield>
                  <subfield code='c'>Provided by publisher.</subfield>
            </datafield>
            <datafield ind1=' ' ind2=' ' tag='530'>
                  <subfield code='a'>Issued also in electronic format (pages 305-308).</subfield>
            </datafield>
            <datafield ind1=' ' ind2=' ' tag='546'>
                  <subfield code='a'>Text in English with original Innu on facing pace, Eukuan nin matshi-manitu innushkueu was translated from the original French, not the Innu.</subfield>
            </datafield>
            <datafield ind1='1' ind2='0' tag='600'>
                  <subfield code='a'>Antane Kapesh, An,</subfield>
                  <subfield code='d'>1926-</subfield>
            </datafield>
            <datafield ind1='1' ind2='7' tag='600'>
                  <subfield code='a'>Antane Kapesh, An,</subfield>
                  <subfield code='d'>1926-2004.</subfield>
                  <subfield code='2'>fast</subfield>
                  <subfield code='0'>(OCoLC)fst00263141</subfield>
            </datafield>
            <datafield ind1=' ' ind2='0' tag='650'>
                  <subfield code='a'>Montagnais Indians</subfield>
                  <subfield code='v'>Biography.</subfield>
            </datafield>
            <datafield ind1=' ' ind2='0' tag='650'>
                  <subfield code='a'>Montagnais Indians</subfield>
                  <subfield code='z'>Québec (Province)</subfield>
                  <subfield code='x'>Social conditions.</subfield>
            </datafield>
            <datafield ind1=' ' ind2='0' tag='650'>
                  <subfield code='a'>Montagnais Indians</subfield>
                  <subfield code='z'>Québec (Province)</subfield>
                  <subfield code='x'>Government relations.</subfield>
            </datafield>
            <datafield ind1=' ' ind2='7' tag='650'>
                  <subfield code='a'>Montagnais Indians.</subfield>
                  <subfield code='2'>fast</subfield>
                  <subfield code='0'>(OCoLC)fst01025768</subfield>
            </datafield>
            <datafield ind1=' ' ind2='7' tag='650'>
                  <subfield code='a'>Montagnais Indians</subfield>
                  <subfield code='x'>Government relations.</subfield>
                  <subfield code='2'>fast</subfield>
                  <subfield code='0'>(OCoLC)fst01025770</subfield>
            </datafield>
            <datafield ind1=' ' ind2='7' tag='650'>
                  <subfield code='a'>Montagnais Indians</subfield>
                  <subfield code='x'>Social conditions.</subfield>
                  <subfield code='2'>fast</subfield>
                  <subfield code='0'>(OCoLC)fst01025778</subfield>
            </datafield>
            <datafield ind1=' ' ind2='7' tag='651'>
                  <subfield code='a'>Québec.</subfield>
                  <subfield code='2'>fast</subfield>
                  <subfield code='0'>(OCoLC)fst01207316</subfield>
            </datafield>
            <datafield ind1=' ' ind2='7' tag='655'>
                  <subfield code='a'>Biographies.</subfield>
                  <subfield code='2'>fast</subfield>
                  <subfield code='0'>(OCoLC)fst01919896</subfield>
            </datafield>
            <datafield ind1=' ' ind2='7' tag='655'>
                  <subfield code='a'>Autobiographies.</subfield>
                  <subfield code='2'>fast</subfield>
                  <subfield code='0'>(OCoLC)fst01919894</subfield>
            </datafield>
            <datafield ind1=' ' ind2='7' tag='655'>
                  <subfield code='a'>Fiction.</subfield>
                  <subfield code='2'>fast</subfield>
                  <subfield code='0'>(OCoLC)fst01423787</subfield>
            </datafield>
            <datafield ind1=' ' ind2='7' tag='655'>
                  <subfield code='a'>Autobiographies.</subfield>
                  <subfield code='2'>lcgft</subfield>
            </datafield>
            <datafield ind1=' ' ind2='7' tag='655'>
                  <subfield code='a'>Fiction.</subfield>
                  <subfield code='2'>lcgft</subfield>
            </datafield>
            <datafield ind1='1' ind2=' ' tag='700'>
                  <subfield code='a'>Henzi, Sarah,</subfield>
                  <subfield code='d'>1977-</subfield>
                  <subfield code='e'>translator,</subfield>
                  <subfield code='e'>writer of afterword.</subfield>
            </datafield>
            <datafield ind1='1' ind2='2' tag='700'>
                  <subfield code='i'>container of (work):</subfield>
                  <subfield code='a'>Antane Kapesh, An,</subfield>
                  <subfield code='d'>1926-</subfield>
                  <subfield code='t'>Eukuan nin matshi-manitu innushkueu.</subfield>
            </datafield>
            <datafield ind1='1' ind2='2' tag='700'>
                  <subfield code='i'>container of (expression):</subfield>
                  <subfield code='a'>Antane Kapesh, An,</subfield>
                  <subfield code='d'>1926-</subfield>
                  <subfield code='t'>Eukuan nin matshi-manitu innushkueu.</subfield>
                  <subfield code='l'>English.</subfield>
            </datafield>
            <datafield ind1='1' ind2='2' tag='700'>
                  <subfield code='i'>container of (work):</subfield>
                  <subfield code='a'>Antane Kapesh, An,</subfield>
                  <subfield code='d'>1926-</subfield>
                  <subfield code='t'>Tante nana etutamin nitassi.</subfield>
            </datafield>
            <datafield ind1='1' ind2='2' tag='700'>
                  <subfield code='i'>container of (expression):</subfield>
                  <subfield code='a'>Antane Kapesh, An,</subfield>
                  <subfield code='d'>1926-</subfield>
                  <subfield code='t'>Tante nana etutamin nitassi?</subfield>
                  <subfield code='l'>English.</subfield>
            </datafield>
            <datafield ind1='0' ind2='8' tag='776'>
                  <subfield code='i'>Online version:</subfield>
                  <subfield code='a'>Antane Kapesh, An, 1926-</subfield>
                  <subfield code='s'>Works. Selections.</subfield>
                  <subfield code='t'>Eukuan nin matshi-manitu innushkueu = I am a damn savage.</subfield>
                  <subfield code='d'>Waterloo, Ontario : Wilfrid Laurier University Press, 2020</subfield>
                  <subfield code='z'>1771124091</subfield>
                  <subfield code='z'>9781771124102</subfield>
                  <subfield code='w'>(OCoLC)1129588909</subfield>
            </datafield>
            <datafield ind1=' ' ind2='0' tag='830'>
                  <subfield code='a'>Indigenous studies series</subfield>
            </datafield>
            <datafield ind1=' ' ind2=' ' tag='902'>
                  <subfield code='a'>kl</subfield>
                  <subfield code='b'>s</subfield>
                  <subfield code='6'>a</subfield>
                  <subfield code='7'>m</subfield>
                  <subfield code='d'>v</subfield>
                  <subfield code='f'>1</subfield>
                  <subfield code='e'>20210119</subfield>
            </datafield>
            <datafield ind1=' ' ind2=' ' tag='904'>
                  <subfield code='a'>pad</subfield>
                  <subfield code='b'>a</subfield>
                  <subfield code='h'>m</subfield>
                  <subfield code='c'>b</subfield>
                  <subfield code='e'>20201217</subfield>
            </datafield>
            <datafield ind1=' ' ind2=' ' tag='910'>
                  <subfield code='c'>C0706mon</subfield>
            </datafield>
            <datafield ind1=' ' ind2=' ' tag='914'>
                  <subfield code='a'>(OCoLC)on1049911454</subfield>
                  <subfield code='b'>OCoLC</subfield>
                  <subfield code='c'>match</subfield>
                  <subfield code='d'>20230125</subfield>
                  <subfield code='e'>processed</subfield>
                  <subfield code='f'>1049911454</subfield>
            </datafield>
            <datafield ind1=' ' ind2=' ' tag='980'>
                  <subfield code='i'>22.99</subfield>
                  <subfield code='j'>22.99</subfield>
                  <subfield code='n'>40030246554</subfield>
            </datafield>
            <datafield ind1=' ' ind2=' ' tag='982'>
                  <subfield code='b'>FY21</subfield>
                  <subfield code='n'>2021</subfield>
                  <subfield code='q'>32101101547253</subfield>
            </datafield>
            <datafield ind1=' ' ind2=' ' tag='986'>
                  <subfield code='h'>E99.M87</subfield>
                  <subfield code='i'>A58 2020</subfield>
            </datafield>
            <datafield ind1=' ' ind2=' ' tag='AVA'>
                  <subfield code='0'>99122353413506421</subfield>
                  <subfield code='8'>22678753330006421</subfield>
                  <subfield code='a'>01PRI_INST</subfield>
                  <subfield code='b'>firestone</subfield>
                  <subfield code='c'>Stacks</subfield>
                  <subfield code='d'>E99.M87 A58 2020</subfield>
                  <subfield code='e'>available</subfield>
                  <subfield code='f'>1</subfield>
                  <subfield code='g'>0</subfield>
                  <subfield code='j'>stacks</subfield>
                  <subfield code='k'>0</subfield>
                  <subfield code='p'>1</subfield>
                  <subfield code='q'>Firestone Library</subfield>
            </datafield>
      </record>