
      <record>
            <leader>03108cam a2200541 i 4500</leader>
            <controlfield tag='001'>9991466653506421</controlfield>
            <controlfield tag='005'>20240718082420.0</controlfield>
            <controlfield tag='008'>150422s2015    nbua          001 0 eng^^</controlfield>
            <datafield ind1=' ' ind2=' ' tag='010'>
                  <subfield code='a'>2015008105</subfield>
            </datafield>
            <datafield ind1=' ' ind2=' ' tag='019'>
                  <subfield code='a'>907651137</subfield>
            </datafield>
            <datafield ind1=' ' ind2=' ' tag='020'>
                  <subfield code='a'>9780803265486</subfield>
                  <subfield code='q'>hardcover</subfield>
                  <subfield code='q'>alkaline paper</subfield>
            </datafield>
            <datafield ind1=' ' ind2=' ' tag='020'>
                  <subfield code='a'>0803265484</subfield>
                  <subfield code='q'>hardcover</subfield>
                  <subfield code='q'>alkaline paper</subfield>
            </datafield>
            <datafield ind1=' ' ind2=' ' tag='020'>
                  <subfield code='z'>9780803278905 (pdf : alk. paper)</subfield>
            </datafield>
            <datafield ind1=' ' ind2=' ' tag='035'>
                  <subfield code='a'>(NjP)9146665-princetondb</subfield>
            </datafield>
            <datafield ind1=' ' ind2=' ' tag='035'>
                  <subfield code='z'>(OCoLC)907651137</subfield>
            </datafield>
            <datafield ind1=' ' ind2=' ' tag='035'>
                  <subfield code='z'>(NjP)Voyager9146665</subfield>
            </datafield>
            <datafield ind1=' ' ind2=' ' tag='035'>
                  <subfield code='a'>(OCoLC)ocn911004575</subfield>
            </datafield>
            <datafield ind1=' ' ind2=' ' tag='040'>
                  <subfield code='a'>DLC</subfield>
                  <subfield code='e'>rda</subfield>
                  <subfield code='b'>eng</subfield>
                  <subfield code='c'>DLC</subfield>
                  <subfield code='d'>YDX</subfield>
                  <subfield code='d'>YDXCP</subfield>
                  <subfield code='d'>BTCTA</subfield>
                  <subfield code='d'>BDX</subfield>
                  <subfield code='d'>OCLCO</subfield>
                  <subfield code='d'>STF</subfield>
            </datafield>
            <datafield ind1='1' ind2=' ' tag='041'>
                  <subfield code='a'>eng</subfield>
                  <subfield code='a'>alg</subfield>
                  <subfield code='h'>alg</subfield>
            </datafield>
            <datafield ind1=' ' ind2=' ' tag='042'>
                  <subfield code='a'>pcc</subfield>
            </datafield>
            <datafield ind1=' ' ind2=' ' tag='043'>
                  <subfield code='a'>n-usn--</subfield>
            </datafield>
            <datafield ind1=' ' ind2=' ' tag='049'>
                  <subfield code='a'>PULL</subfield>
            </datafield>
            <datafield ind1='0' ind2='0' tag='050'>
                  <subfield code='a'>E99.A35</subfield>
                  <subfield code='b'>N48 2015</subfield>
            </datafield>
            <datafield ind1='0' ind2='0' tag='082'>
                  <subfield code='a'>497/.33</subfield>
                  <subfield code='2'>23</subfield>
            </datafield>
            <datafield ind1='0' ind2='0' tag='245'>
                  <subfield code='a'>New voices for old words :</subfield>
                  <subfield code='b'>Algonquian oral literatures/</subfield>
                  <subfield code='c'>edited by David J. Costa.</subfield>
            </datafield>
            <datafield ind1='3' ind2='0' tag='246'>
                  <subfield code='a'>Editing Algonquian texts</subfield>
            </datafield>
            <datafield ind1=' ' ind2='1' tag='264'>
                  <subfield code='a'>Lincoln [Nebraska] :</subfield>
                  <subfield code='b'>University of Nebraska Press,</subfield>
                  <subfield code='c'>[2015]</subfield>
            </datafield>
            <datafield ind1=' ' ind2=' ' tag='300'>
                  <subfield code='a'>vi, 546 pages ;</subfield>
                  <subfield code='c'>24 cm.</subfield>
            </datafield>
            <datafield ind1=' ' ind2=' ' tag='336'>
                  <subfield code='a'>text</subfield>
                  <subfield code='b'>txt</subfield>
                  <subfield code='2'>rdacontent</subfield>
            </datafield>
            <datafield ind1=' ' ind2=' ' tag='337'>
                  <subfield code='a'>unmediated</subfield>
                  <subfield code='b'>n</subfield>
                  <subfield code='2'>rdamedia</subfield>
            </datafield>
            <datafield ind1=' ' ind2=' ' tag='338'>
                  <subfield code='a'>volume</subfield>
                  <subfield code='b'>nc</subfield>
                  <subfield code='2'>rdacarrier</subfield>
            </datafield>
            <datafield ind1='1' ind2=' ' tag='490'>
                  <subfield code='a'>Studies in the anthropology of North American Indians series</subfield>
            </datafield>
            <datafield ind1=' ' ind2=' ' tag='500'>
                  <subfield code='a'>Published In cooperation with the American Indian Studies Research Institute, Indiana University, Bloomington.</subfield>
            </datafield>
            <datafield ind1=' ' ind2=' ' tag='500'>
                  <subfield code='a'>Text in various Algonquian languages and in English translation.</subfield>
            </datafield>
            <datafield ind1=' ' ind2=' ' tag='500'>
                  <subfield code='a'>Includes index.</subfield>
            </datafield>
            <datafield ind1=' ' ind2=' ' tag='504'>
                  <subfield code='a'>Includes bibliographical references and index.</subfield>
            </datafield>
            <datafield ind1=' ' ind2=' ' tag='546'>
                  <subfield code='a'>Text in various Algonquian languages and in English translation.</subfield>
            </datafield>
            <datafield ind1=' ' ind2=' ' tag='500'>
                  <subfield code='a'>Indigenous contributors: Terry Brockie (Gros Ventre Tribe).</subfield>
            </datafield>
            <datafield ind1='0' ind2='0' tag='505'>
                  <subfield code='t'>Contributors --</subfield>
                  <subfield code='t'>Foreword --</subfield>
                  <subfield code='t'>Introduction /</subfield>
                  <subfield code='r'>David J. Costa --</subfield>
                  <subfield code='t'>Editing a Gros Ventre (White Clay) text /</subfield>
                  <subfield code='r'>Terry Brockie [Gros Ventre Tribe] and Andrew Cowell --</subfield>
                  <subfield code='t'>Redacting premodern texts without speakers: the Peoria Story of Wiihsakacaakwa /</subfield>
                  <subfield code='r'>David J. Costa --</subfield>
                  <subfield code='t'>Editing and using Arapaho-language manuscript sources: A comparative perspective /</subfield>
                  <subfield code='r'>Andrew Cowell --</subfield>
                  <subfield code='t'>Highlighting rhetorical structure through syntactic analysis: An illustrated Meskwaki text by Alfred Kiyana /</subfield>
                  <subfield code='r'>Amy Dahlstrom --</subfield>
                  <subfield code='t'>Three nineteenth-century Munsee texts: Archaisms, dialect variation, and problems of textual criticism /</subfield>
                  <subfield code='r'>Ives Goddard --</subfield>
                  <subfield code='t'>On editing Bill Leaf&apos;s Meskwaki texts /</subfield>
                  <subfield code='r'>Lucy Thomason --</subfield>
                  <subfield code='t'>Challenges of editing and presenting the corpus of Potawatomi stories told by Jim and Alice Spear to Charles Hockett /</subfield>
                  <subfield code='r'>Laura Welcher --</subfield>
                  <subfield code='t'>The words of Black Hawk: Restoring a long-ignored bilingual /</subfield>
                  <subfield code='r'>Gordon Whittaker.</subfield>
            </datafield>
            <datafield ind1=' ' ind2='0' tag='650'>
                  <subfield code='a'>Algonquian Indians</subfield>
                  <subfield code='v'>Folklore.</subfield>
                  <subfield code='0'>http://id.loc.gov/authorities/subjects/sh95001432</subfield>
            </datafield>
            <datafield ind1=' ' ind2='0' tag='650'>
                  <subfield code='a'>Algonquian languages</subfield>
                  <subfield code='x'>Translations into English.</subfield>
            </datafield>
            <datafield ind1=' ' ind2='0' tag='650'>
                  <subfield code='a'>Algonquian languages</subfield>
                  <subfield code='x'>Texts.</subfield>
            </datafield>
            <datafield ind1='1' ind2=' ' tag='700'>
                  <subfield code='a'>Costa, David J.,</subfield>
                  <subfield code='e'>editor.</subfield>
                  <subfield code='0'>http://id.loc.gov/authorities/names/nr2001004388</subfield>
            </datafield>
            <datafield ind1=' ' ind2='0' tag='830'>
                  <subfield code='a'>Studies in the anthropology of North American Indians</subfield>
            </datafield>
            <datafield ind1=' ' ind2=' ' tag='902'>
                  <subfield code='a'>sdg</subfield>
                  <subfield code='b'>l</subfield>
                  <subfield code='6'>a</subfield>
                  <subfield code='7'>m</subfield>
                  <subfield code='d'>v</subfield>
                  <subfield code='f'>1</subfield>
                  <subfield code='e'>20150910</subfield>
            </datafield>
            <datafield ind1=' ' ind2=' ' tag='904'>
                  <subfield code='a'>yj</subfield>
                  <subfield code='b'>a</subfield>
                  <subfield code='h'>m</subfield>
                  <subfield code='c'>b</subfield>
                  <subfield code='e'>20150909</subfield>
            </datafield>
            <datafield ind1=' ' ind2=' ' tag='914'>
                  <subfield code='a'>(OCoLC)ocn911004575</subfield>
                  <subfield code='b'>OCoLC</subfield>
                  <subfield code='c'>match</subfield>
                  <subfield code='d'>20240717</subfield>
                  <subfield code='e'>processed</subfield>
                  <subfield code='f'>911004575</subfield>
            </datafield>
            <datafield ind1=' ' ind2=' ' tag='999'>
                  <subfield code='a'>9146665</subfield>
            </datafield>
            <datafield ind1=' ' ind2=' ' tag='AVA'>
                  <subfield code='0'>9991466653506421</subfield>
                  <subfield code='8'>22576015490006421</subfield>
                  <subfield code='a'>01PRI_INST</subfield>
                  <subfield code='b'>firestone</subfield>
                  <subfield code='c'>Lenape Collection (ISC)</subfield>
                  <subfield code='d'>E99.A35 N48 2015</subfield>
                  <subfield code='e'>available</subfield>
                  <subfield code='f'>1</subfield>
                  <subfield code='g'>0</subfield>
                  <subfield code='j'>isc</subfield>
                  <subfield code='k'>0</subfield>
                  <subfield code='p'>1</subfield>
                  <subfield code='q'>Firestone Library</subfield>
            </datafield>
      </record>