
      <record>
            <leader>03504cam a2200481Ii 4500</leader>
            <controlfield tag='001'>9986409833506421</controlfield>
            <controlfield tag='005'>20240718090434.0</controlfield>
            <controlfield tag='008'>140509s2014    miu      bd   000 0 eng d</controlfield>
            <datafield ind1=' ' ind2=' ' tag='010'>
                  <subfield code='a'>2014939268</subfield>
            </datafield>
            <datafield ind1=' ' ind2=' ' tag='020'>
                  <subfield code='a'>9780990334408</subfield>
            </datafield>
            <datafield ind1=' ' ind2=' ' tag='020'>
                  <subfield code='a'>0990334406</subfield>
            </datafield>
            <datafield ind1='3' ind2=' ' tag='024'>
                  <subfield code='a'>9780990334408</subfield>
                  <subfield code='d'>52995</subfield>
            </datafield>
            <datafield ind1=' ' ind2=' ' tag='035'>
                  <subfield code='a'>(NjP)8640983-princetondb</subfield>
            </datafield>
            <datafield ind1=' ' ind2=' ' tag='035'>
                  <subfield code='z'>(NjP)Voyager8640983</subfield>
            </datafield>
            <datafield ind1=' ' ind2=' ' tag='035'>
                  <subfield code='a'>(OCoLC)ocn880843969</subfield>
            </datafield>
            <datafield ind1=' ' ind2=' ' tag='040'>
                  <subfield code='a'>CASSC</subfield>
                  <subfield code='b'>eng</subfield>
                  <subfield code='e'>rda</subfield>
                  <subfield code='c'>CASSC</subfield>
                  <subfield code='d'>OCLCO</subfield>
                  <subfield code='d'>UAB</subfield>
                  <subfield code='d'>NUI</subfield>
                  <subfield code='d'>OCLCQ</subfield>
                  <subfield code='d'>OCLCO</subfield>
                  <subfield code='d'>YDXCP</subfield>
                  <subfield code='d'>ZP2</subfield>
            </datafield>
            <datafield ind1='0' ind2=' ' tag='041'>
                  <subfield code='a'>eng</subfield>
                  <subfield code='a'>alg</subfield>
            </datafield>
            <datafield ind1=' ' ind2=' ' tag='043'>
                  <subfield code='a'>n-us-ia</subfield>
            </datafield>
            <datafield ind1=' ' ind2='4' tag='050'>
                  <subfield code='a'>PM1195.Z5</subfield>
                  <subfield code='b'>G63 2014</subfield>
            </datafield>
            <datafield ind1='0' ind2='4' tag='082'>
                  <subfield code='a'>497/.314</subfield>
                  <subfield code='2'>23</subfield>
            </datafield>
            <datafield ind1='1' ind2=' ' tag='100'>
                  <subfield code='a'>Goddard, Ives,</subfield>
                  <subfield code='d'>1941-</subfield>
                  <subfield code='e'>compiler.</subfield>
                  <subfield code='0'>http://id.loc.gov/authorities/names/n78096255</subfield>
            </datafield>
            <datafield ind1='1' ind2='2' tag='245'>
                  <subfield code='a'>A Meskwaki-English and English-Meskwaki dictionary :</subfield>
                  <subfield code='b'>based on early twentieth-century writings by native speakers /</subfield>
                  <subfield code='c'>Ives Goddard and Lucy Thomason.</subfield>
            </datafield>
            <datafield ind1=' ' ind2='1' tag='264'>
                  <subfield code='a'>Petoskey, MI :</subfield>
                  <subfield code='b'>Mundart Press,</subfield>
                  <subfield code='c'>2014.</subfield>
            </datafield>
            <datafield ind1=' ' ind2=' ' tag='300'>
                  <subfield code='a'>vi, 423 pages ;</subfield>
                  <subfield code='c'>28 cm</subfield>
            </datafield>
            <datafield ind1=' ' ind2=' ' tag='336'>
                  <subfield code='a'>text</subfield>
                  <subfield code='b'>txt</subfield>
                  <subfield code='2'>rdacontent</subfield>
            </datafield>
            <datafield ind1=' ' ind2=' ' tag='337'>
                  <subfield code='a'>unmediated</subfield>
                  <subfield code='b'>n</subfield>
                  <subfield code='2'>rdamedia</subfield>
            </datafield>
            <datafield ind1=' ' ind2=' ' tag='338'>
                  <subfield code='a'>volume</subfield>
                  <subfield code='b'>nc</subfield>
                  <subfield code='2'>rdacarrier</subfield>
            </datafield>
            <datafield ind1=' ' ind2=' ' tag='500'>
                  <subfield code='a'>&quot;This dictionary has been made possible by the work of many people over many years. William Jones (1871-1909), as graduate student under Franz Boas, wrote his texts from dictation by speakers in the Tama settlement who were not named, perhaps at their request. He was assisted in editing and translating them by his father Henry Clay Jones (1844-1912). Truman Michelson (1879-1938), working for the Bureau of Ethnology of the Smithsonian Institution, collected over 27,000 pages of Meskwaki texts written by Meskwaki speakers, beginning in 1911 and continuing for a number of years. Nearly half of these pages were written by Alfred Kiyana (Keahna) (1877-1918). Other major contributors among the more than 30 writers were Charley H. Chuck (1867-1940), Sakihtanohkweha (1875-1957), Sam Peters (1887-1960), Jim Peters (1866-1917), Bill Leaf (1884-1947), and Jack Bullard (1879-1927). Michelson was assisted by Edward Davenport, Harry Lincoln, Horace Poweshiek, George Black Cloud, and others. James A. Geary compiled a slip file of words on the basis of manuscript and published sources and fieldwork. In our work in Tama we relied most extensively on the patient assistance of Adeline Wanatee (1910-1996) and Everett Kapayou (1933-2006) in pronouncing and explaining the words in the writings&quot;--Preface (page v).</subfield>
            </datafield>
            <datafield ind1=' ' ind2=' ' tag='500'>
                  <subfield code='a'>&quot;A publication of the Recovering Voices Program of the Smithsonian Institution, supported in part by a gift from the Shoniya Fund.&quot;--Title page verso.</subfield>
            </datafield>
            <datafield ind1=' ' ind2=' ' tag='500'>
                  <subfield code='a'>Includes separate appendixes of terms for animals, birds, body parts, calendar, numbers and counting, and relatives.</subfield>
            </datafield>
            <datafield ind1=' ' ind2=' ' tag='504'>
                  <subfield code='a'>Includes bibliographical references.</subfield>
            </datafield>
            <datafield ind1=' ' ind2='0' tag='650'>
                  <subfield code='a'>Fox language</subfield>
                  <subfield code='v'>Dictionaries</subfield>
                  <subfield code='x'>English.</subfield>
            </datafield>
            <datafield ind1=' ' ind2='0' tag='650'>
                  <subfield code='a'>English language</subfield>
                  <subfield code='v'>Dictionaries</subfield>
                  <subfield code='x'>Fox.</subfield>
            </datafield>
            <datafield ind1=' ' ind2='0' tag='650'>
                  <subfield code='a'>Algonquian languages</subfield>
                  <subfield code='v'>Dictionaries</subfield>
                  <subfield code='x'>English.</subfield>
            </datafield>
            <datafield ind1=' ' ind2='0' tag='650'>
                  <subfield code='a'>Fox language</subfield>
                  <subfield code='z'>Iowa</subfield>
                  <subfield code='z'>Tama County.</subfield>
            </datafield>
            <datafield ind1=' ' ind2='0' tag='651'>
                  <subfield code='a'>Sac &amp; Fox Tribe of the Mississippi in Iowa</subfield>
                  <subfield code='x'>Languages</subfield>
                  <subfield code='v'>Dictionaries.</subfield>
            </datafield>
            <datafield ind1=' ' ind2='7' tag='655'>
                  <subfield code='a'>Dictionaries.</subfield>
                  <subfield code='2'>lcgft</subfield>
                  <subfield code='0'>http://id.loc.gov/authorities/genreForms/gf2014026086</subfield>
            </datafield>
            <datafield ind1='1' ind2=' ' tag='700'>
                  <subfield code='a'>Thomason, Lucy,</subfield>
                  <subfield code='e'>compiler.</subfield>
                  <subfield code='0'>http://id.loc.gov/authorities/names/n2015029741</subfield>
            </datafield>
            <datafield ind1='1' ind2=' ' tag='700'>
                  <subfield code='a'>Kiyana, Alfred,</subfield>
                  <subfield code='d'>1877-1918,</subfield>
                  <subfield code='e'>contributor.</subfield>
                  <subfield code='0'>http://id.loc.gov/authorities/names/no2008160528</subfield>
            </datafield>
            <datafield ind1=' ' ind2=' ' tag='902'>
                  <subfield code='a'>rb</subfield>
                  <subfield code='b'>m</subfield>
                  <subfield code='6'>a</subfield>
                  <subfield code='7'>m</subfield>
                  <subfield code='d'>v</subfield>
                  <subfield code='f'>1</subfield>
                  <subfield code='e'>20150605</subfield>
            </datafield>
            <datafield ind1=' ' ind2=' ' tag='904'>
                  <subfield code='a'>nk</subfield>
                  <subfield code='b'>o</subfield>
                  <subfield code='h'>m</subfield>
                  <subfield code='c'>b</subfield>
                  <subfield code='e'>20140825</subfield>
            </datafield>
            <datafield ind1=' ' ind2=' ' tag='914'>
                  <subfield code='a'>(OCoLC)ocn880843969</subfield>
                  <subfield code='b'>OCoLC</subfield>
                  <subfield code='c'>match</subfield>
                  <subfield code='d'>20240710</subfield>
                  <subfield code='e'>processed</subfield>
                  <subfield code='f'>880843969</subfield>
            </datafield>
            <datafield ind1=' ' ind2=' ' tag='999'>
                  <subfield code='a'>8640983</subfield>
            </datafield>
            <datafield ind1=' ' ind2=' ' tag='AVA'>
                  <subfield code='0'>9986409833506421</subfield>
                  <subfield code='8'>22576474780006421</subfield>
                  <subfield code='a'>01PRI_INST</subfield>
                  <subfield code='b'>firestone</subfield>
                  <subfield code='c'>Stacks</subfield>
                  <subfield code='d'>PM1195.Z5 G63 2014</subfield>
                  <subfield code='e'>available</subfield>
                  <subfield code='f'>1</subfield>
                  <subfield code='g'>0</subfield>
                  <subfield code='j'>stacks</subfield>
                  <subfield code='k'>0</subfield>
                  <subfield code='p'>1</subfield>
                  <subfield code='q'>Firestone Library</subfield>
            </datafield>
      </record>