
      <record>
            <leader>01171cam a2200325 a 4500</leader>
            <controlfield tag='001'>9976600293506421</controlfield>
            <controlfield tag='005'>20240711095955.0</controlfield>
            <controlfield tag='008'>130313s2013    onc           000 0 eng^^</controlfield>
            <datafield ind1=' ' ind2=' ' tag='020'>
                  <subfield code='a'>9781927494097</subfield>
            </datafield>
            <datafield ind1=' ' ind2=' ' tag='020'>
                  <subfield code='a'>1927494095</subfield>
            </datafield>
            <datafield ind1=' ' ind2=' ' tag='035'>
                  <subfield code='a'>(NjP)7660029-princetondb</subfield>
            </datafield>
            <datafield ind1=' ' ind2=' ' tag='035'>
                  <subfield code='z'>(NjP)Voyager7660029</subfield>
            </datafield>
            <datafield ind1=' ' ind2=' ' tag='035'>
                  <subfield code='a'>(OCoLC)ocn830078443</subfield>
            </datafield>
            <datafield ind1=' ' ind2=' ' tag='040'>
                  <subfield code='a'>NLC</subfield>
                  <subfield code='b'>eng</subfield>
                  <subfield code='c'>NLC</subfield>
                  <subfield code='d'>OCLCO</subfield>
                  <subfield code='d'>CDX</subfield>
                  <subfield code='d'>YDXCP</subfield>
                  <subfield code='d'>NjP</subfield>
            </datafield>
            <datafield ind1='1' ind2=' ' tag='041'>
                  <subfield code='a'>eng</subfield>
                  <subfield code='a'>alg</subfield>
                  <subfield code='h'>fre</subfield>
            </datafield>
            <datafield ind1=' ' ind2='7' tag='041'>
                  <subfield code='a'>eng</subfield>
                  <subfield code='2'>iso639-3</subfield>
            </datafield>
            <datafield ind1=' ' ind2='4' tag='050'>
                  <subfield code='a'>PQ3919.3.B336</subfield>
                  <subfield code='b'>B3713 2013</subfield>
            </datafield>
            <datafield ind1='0' ind2='4' tag='082'>
                  <subfield code='a'>C841/.6</subfield>
                  <subfield code='2'>23</subfield>
            </datafield>
            <datafield ind1='1' ind2=' ' tag='100'>
                  <subfield code='a'>Bacon, Joséphine,</subfield>
                  <subfield code='d'>1947-</subfield>
                  <subfield code='0'>http://id.loc.gov/authorities/names/no2011086209</subfield>
            </datafield>
            <datafield ind1='1' ind2='0' tag='240'>
                  <subfield code='a'>Bâtons à message.</subfield>
                  <subfield code='l'>English &amp; Montagnais</subfield>
            </datafield>
            <datafield ind1='1' ind2='0' tag='245'>
                  <subfield code='a'>Message sticks =</subfield>
                  <subfield code='b'>Tshissinuatshitakana /</subfield>
                  <subfield code='c'>Joséphine Bacon.</subfield>
            </datafield>
            <datafield ind1='3' ind2='1' tag='246'>
                  <subfield code='a'>Tshissinuatshitakana</subfield>
            </datafield>
            <datafield ind1=' ' ind2=' ' tag='260'>
                  <subfield code='a'>Toronto :</subfield>
                  <subfield code='b'>Tsar Publications,</subfield>
                  <subfield code='c'>2013.</subfield>
            </datafield>
            <datafield ind1=' ' ind2=' ' tag='300'>
                  <subfield code='a'>133 p. ;</subfield>
                  <subfield code='c'>19 cm.</subfield>
            </datafield>
            <datafield ind1=' ' ind2=' ' tag='500'>
                  <subfield code='a'>Poems.</subfield>
            </datafield>
            <datafield ind1=' ' ind2=' ' tag='500'>
                  <subfield code='a'>Translation of: Bâtons à message.</subfield>
            </datafield>
            <datafield ind1=' ' ind2=' ' tag='546'>
                  <subfield code='a'>Poems in English and Montagnais.</subfield>
            </datafield>
            <datafield ind1=' ' ind2=' ' tag='902'>
                  <subfield code='a'>rb</subfield>
                  <subfield code='b'>m</subfield>
                  <subfield code='6'>a</subfield>
                  <subfield code='7'>m</subfield>
                  <subfield code='d'>v</subfield>
                  <subfield code='f'>1</subfield>
                  <subfield code='e'>20130809</subfield>
            </datafield>
            <datafield ind1=' ' ind2=' ' tag='904'>
                  <subfield code='a'>bwl</subfield>
                  <subfield code='b'>a</subfield>
                  <subfield code='h'>m</subfield>
                  <subfield code='c'>b</subfield>
                  <subfield code='e'>20130807</subfield>
            </datafield>
            <datafield ind1=' ' ind2=' ' tag='914'>
                  <subfield code='a'>(OCoLC)ocn830078443</subfield>
                  <subfield code='b'>OCoLC</subfield>
                  <subfield code='c'>match</subfield>
                  <subfield code='d'>20240710</subfield>
                  <subfield code='e'>processed</subfield>
                  <subfield code='f'>830078443</subfield>
            </datafield>
            <datafield ind1=' ' ind2=' ' tag='AVA'>
                  <subfield code='0'>9976600293506421</subfield>
                  <subfield code='8'>22727391530006421</subfield>
                  <subfield code='a'>01PRI_INST</subfield>
                  <subfield code='b'>firestone</subfield>
                  <subfield code='c'>Stacks</subfield>
                  <subfield code='d'>PQ3919.3.B336 B3713 2013</subfield>
                  <subfield code='e'>available</subfield>
                  <subfield code='f'>1</subfield>
                  <subfield code='g'>0</subfield>
                  <subfield code='j'>stacks</subfield>
                  <subfield code='k'>0</subfield>
                  <subfield code='p'>1</subfield>
                  <subfield code='q'>Firestone Library</subfield>
            </datafield>
      </record>