
      <record>
            <leader>01848cam a2200385 a 4500</leader>
            <controlfield tag='001'>9968592193506421</controlfield>
            <controlfield tag='005'>20240718082131.0</controlfield>
            <controlfield tag='008'>110201s2011    okuabc   b    001 0 eng^^</controlfield>
            <datafield ind1=' ' ind2=' ' tag='010'>
                  <subfield code='a'>2011002771</subfield>
            </datafield>
            <datafield ind1=' ' ind2=' ' tag='020'>
                  <subfield code='a'>9780806142128 (hardcover : alk. paper)</subfield>
            </datafield>
            <datafield ind1=' ' ind2=' ' tag='020'>
                  <subfield code='a'>080614212X (hardcover : alk. paper)</subfield>
            </datafield>
            <datafield ind1=' ' ind2=' ' tag='035'>
                  <subfield code='a'>(NjP)6859219-princetondb</subfield>
            </datafield>
            <datafield ind1=' ' ind2=' ' tag='035'>
                  <subfield code='z'>(NjP)Voyager6859219</subfield>
            </datafield>
            <datafield ind1=' ' ind2=' ' tag='035'>
                  <subfield code='a'>(OCoLC)ocn706462991</subfield>
            </datafield>
            <datafield ind1=' ' ind2=' ' tag='040'>
                  <subfield code='a'>DLC</subfield>
                  <subfield code='b'>eng</subfield>
                  <subfield code='c'>DLC</subfield>
                  <subfield code='d'>YDXCP</subfield>
                  <subfield code='d'>IBV</subfield>
                  <subfield code='d'>YAM</subfield>
                  <subfield code='d'>TOZ</subfield>
                  <subfield code='d'>IOG</subfield>
                  <subfield code='d'>MIX</subfield>
                  <subfield code='d'>BWX</subfield>
            </datafield>
            <datafield ind1='0' ind2=' ' tag='041'>
                  <subfield code='a'>eng</subfield>
                  <subfield code='a'>alg</subfield>
            </datafield>
            <datafield ind1=' ' ind2=' ' tag='042'>
                  <subfield code='a'>pcc</subfield>
            </datafield>
            <datafield ind1=' ' ind2=' ' tag='043'>
                  <subfield code='a'>n-us-ny</subfield>
            </datafield>
            <datafield ind1=' ' ind2=' ' tag='049'>
                  <subfield code='a'>PULL</subfield>
            </datafield>
            <datafield ind1='0' ind2='0' tag='050'>
                  <subfield code='a'>E99.U57</subfield>
                  <subfield code='b'>S87 2011</subfield>
            </datafield>
            <datafield ind1='0' ind2='0' tag='082'>
                  <subfield code='a'>974.7/21</subfield>
                  <subfield code='2'>22</subfield>
            </datafield>
            <datafield ind1='1' ind2=' ' tag='100'>
                  <subfield code='a'>Strong, John A.,</subfield>
                  <subfield code='d'>1937-</subfield>
            </datafield>
            <datafield ind1='1' ind2='4' tag='245'>
                  <subfield code='a'>The Unkechaug Indians of eastern Long Island :</subfield>
                  <subfield code='b'>a history /</subfield>
                  <subfield code='c'>John A. Strong.</subfield>
            </datafield>
            <datafield ind1=' ' ind2=' ' tag='260'>
                  <subfield code='a'>Norman :</subfield>
                  <subfield code='b'>University of Oklahoma Press,</subfield>
                  <subfield code='c'>c2011.</subfield>
            </datafield>
            <datafield ind1=' ' ind2=' ' tag='300'>
                  <subfield code='a'>xx, 332 p. :</subfield>
                  <subfield code='b'>ill., maps, ports. ;</subfield>
                  <subfield code='c'>23 cm.</subfield>
            </datafield>
            <datafield ind1='1' ind2=' ' tag='490'>
                  <subfield code='a'>The civilization of the American Indian series ;</subfield>
                  <subfield code='v'>v. 269</subfield>
            </datafield>
            <datafield ind1=' ' ind2=' ' tag='504'>
                  <subfield code='a'>Includes bibliographical references (p. 295-317) and index.</subfield>
            </datafield>
            <datafield ind1='0' ind2='0' tag='505'>
                  <subfield code='t'>The ancestors --</subfield>
                  <subfield code='t'>The early contact period, 1550-1665 --</subfield>
                  <subfield code='t'>Dispossession and survival, 1667-1700 --</subfield>
                  <subfield code='t'>The Unkechaugs&apos; new world, 1670-1755 --</subfield>
                  <subfield code='t'>Survival and transformation in the Unkechaug community, 1750-1800 --</subfield>
                  <subfield code='t'>From wigwams to log cabins, 1800-1874 --</subfield>
                  <subfield code='t'>Reinforcing and defending cultural identity, 1880-1936 --</subfield>
                  <subfield code='t'>Modern times at Unkechaug, 1940 to the present --</subfield>
                  <subfield code='g'>Appendix :</subfield>
                  <subfield code='t'>Jefferson&apos;s vocabulary of the Unkechaug Indians.</subfield>
            </datafield>
            <datafield ind1=' ' ind2='0' tag='650'>
                  <subfield code='a'>Unkechaug Indians</subfield>
                  <subfield code='x'>History.</subfield>
            </datafield>
            <datafield ind1=' ' ind2='0' tag='650'>
                  <subfield code='a'>Unkechaug Indians</subfield>
                  <subfield code='x'>Government relations.</subfield>
            </datafield>
            <datafield ind1=' ' ind2='0' tag='650'>
                  <subfield code='a'>Unkechaug Indians</subfield>
                  <subfield code='x'>Social life and customs.</subfield>
            </datafield>
            <datafield ind1=' ' ind2='0' tag='830'>
                  <subfield code='a'>Civilization of the American Indian series ;</subfield>
                  <subfield code='v'>v. 269.</subfield>
            </datafield>
            <datafield ind1=' ' ind2=' ' tag='902'>
                  <subfield code='a'>mnc</subfield>
                  <subfield code='b'>s</subfield>
                  <subfield code='6'>a</subfield>
                  <subfield code='7'>m</subfield>
                  <subfield code='d'>v</subfield>
                  <subfield code='f'>1</subfield>
                  <subfield code='e'>20111031</subfield>
            </datafield>
            <datafield ind1=' ' ind2=' ' tag='904'>
                  <subfield code='a'>mnc</subfield>
                  <subfield code='b'>a</subfield>
                  <subfield code='h'>m</subfield>
                  <subfield code='c'>b</subfield>
                  <subfield code='e'>20111031</subfield>
            </datafield>
            <datafield ind1=' ' ind2=' ' tag='914'>
                  <subfield code='a'>(OCoLC)ocn706462991</subfield>
                  <subfield code='b'>OCoLC</subfield>
                  <subfield code='c'>match</subfield>
                  <subfield code='d'>20240710</subfield>
                  <subfield code='e'>processed</subfield>
                  <subfield code='f'>706462991</subfield>
            </datafield>
            <datafield ind1=' ' ind2=' ' tag='AVA'>
                  <subfield code='0'>9968592193506421</subfield>
                  <subfield code='8'>22627737320006421</subfield>
                  <subfield code='a'>01PRI_INST</subfield>
                  <subfield code='b'>firestone</subfield>
                  <subfield code='c'>Stacks</subfield>
                  <subfield code='d'>E99.U57 S87 2011</subfield>
                  <subfield code='e'>available</subfield>
                  <subfield code='f'>1</subfield>
                  <subfield code='g'>0</subfield>
                  <subfield code='j'>stacks</subfield>
                  <subfield code='k'>0</subfield>
                  <subfield code='p'>1</subfield>
                  <subfield code='q'>Firestone Library</subfield>
            </datafield>
      </record>