
      <record>
            <leader>03833cam a2200625 a 4500</leader>
            <controlfield tag='001'>99130262497406421</controlfield>
            <controlfield tag='005'>20240411040930.0</controlfield>
            <controlfield tag='008'>110321s2010    ohuc          000 1 eng c</controlfield>
            <datafield ind1=' ' ind2=' ' tag='020'>
                  <subfield code='a'>9780976583769</subfield>
            </datafield>
            <datafield ind1=' ' ind2=' ' tag='020'>
                  <subfield code='a'>0976583763</subfield>
            </datafield>
            <datafield ind1=' ' ind2=' ' tag='035'>
                  <subfield code='a'>(OCoLC)ocn707937942</subfield>
            </datafield>
            <datafield ind1=' ' ind2=' ' tag='040'>
                  <subfield code='a'>OSU</subfield>
                  <subfield code='b'>eng</subfield>
                  <subfield code='c'>OSU</subfield>
                  <subfield code='d'>YDXCP</subfield>
                  <subfield code='d'>OCLCF</subfield>
                  <subfield code='d'>OCLCO</subfield>
                  <subfield code='d'>OCLCA</subfield>
                  <subfield code='d'>OCLCQ</subfield>
                  <subfield code='d'>OCLCO</subfield>
                  <subfield code='d'>OCLCA</subfield>
                  <subfield code='d'>OHT</subfield>
                  <subfield code='d'>OCLCO</subfield>
                  <subfield code='d'>OCLCA</subfield>
                  <subfield code='d'>OCLCL</subfield>
            </datafield>
            <datafield ind1='0' ind2=' ' tag='041'>
                  <subfield code='a'>eng</subfield>
                  <subfield code='a'>alg</subfield>
            </datafield>
            <datafield ind1=' ' ind2=' ' tag='042'>
                  <subfield code='a'>pcc</subfield>
            </datafield>
            <datafield ind1=' ' ind2=' ' tag='043'>
                  <subfield code='a'>n-usc--</subfield>
            </datafield>
            <datafield ind1=' ' ind2='4' tag='050'>
                  <subfield code='a'>PM1781</subfield>
                  <subfield code='b'>.M93 2010</subfield>
            </datafield>
            <datafield ind1='1' ind2='4' tag='082'>
                  <subfield code='a'>398.2</subfield>
                  <subfield code='b'>M99, 2010</subfield>
            </datafield>
            <datafield ind1='0' ind2='0' tag='245'>
                  <subfield code='a'>Myaamia neehi peewaalia aacimoona neehi aalhsoohkaana =</subfield>
                  <subfield code='b'>Myaamia and Peoria narratives and winter stories /</subfield>
                  <subfield code='c'>edited and translated by David J. Costa.</subfield>
            </datafield>
            <datafield ind1='3' ind2='1' tag='246'>
                  <subfield code='a'>Myaamia and Peoria narratives and winter stories</subfield>
            </datafield>
            <datafield ind1=' ' ind2=' ' tag='260'>
                  <subfield code='a'>[Oxford, Ohio] :</subfield>
                  <subfield code='b'>[Myaamia Project at Miami University],</subfield>
                  <subfield code='c'>©2010.</subfield>
            </datafield>
            <datafield ind1=' ' ind2=' ' tag='300'>
                  <subfield code='a'>xvi, 171 pages :</subfield>
                  <subfield code='b'>portraits ;</subfield>
                  <subfield code='c'>26 cm</subfield>
            </datafield>
            <datafield ind1=' ' ind2=' ' tag='336'>
                  <subfield code='a'>text</subfield>
                  <subfield code='b'>txt</subfield>
                  <subfield code='2'>rdacontent</subfield>
            </datafield>
            <datafield ind1=' ' ind2=' ' tag='337'>
                  <subfield code='a'>unmediated</subfield>
                  <subfield code='b'>n</subfield>
                  <subfield code='2'>rdamedia</subfield>
            </datafield>
            <datafield ind1=' ' ind2=' ' tag='338'>
                  <subfield code='a'>volume</subfield>
                  <subfield code='b'>nc</subfield>
                  <subfield code='2'>rdacarrier</subfield>
            </datafield>
            <datafield ind1=' ' ind2=' ' tag='546'>
                  <subfield code='a'>English and Myaamia--Algonquian language.</subfield>
            </datafield>
            <datafield ind1=' ' ind2=' ' tag='520'>
                  <subfield code='a'>&quot;This book is the first collection of native texts from the Myaamia and Peoria ever published. Of the forty-five texts it contains, sixteen are in English only, and twenty-nine are in the Myaamia, Peoria, or Wea dialects, with English translations. These texts were collected from several different people from the mid-1890&apos;s through 1916, and include origin and culture hero stories, trickster stories (including several stories of Fox and Wolf), animal stories, biographical, autobiographical and historical narratives, how-to stories, and Christian prayers. These stories will be of great interest to present-day members of the Myaamia and Peoria tribes, not only for the priceless information they provide towards an understanding of the Myaamia-Peoria language, but also for their invaluable insights into the lives, cultures and beliefs of the members of the Myaamia and Peoria tribes, information delivered in their own words, not recast in the perceptions of outsiders.&quot;--Back cover.</subfield>
            </datafield>
            <datafield ind1=' ' ind2=' ' tag='500'>
                  <subfield code='a'>&quot;Developed through the Myaamia Project at Miami University - Oxford, Ohio.&quot;</subfield>
            </datafield>
            <datafield ind1=' ' ind2='0' tag='650'>
                  <subfield code='a'>Miami language (Ind. and Okla.)</subfield>
                  <subfield code='v'>Fiction.</subfield>
            </datafield>
            <datafield ind1=' ' ind2='0' tag='650'>
                  <subfield code='a'>Illinois language</subfield>
                  <subfield code='v'>Fiction.</subfield>
            </datafield>
            <datafield ind1=' ' ind2='0' tag='650'>
                  <subfield code='a'>Narration (Rhetoric)</subfield>
                  <subfield code='v'>Literary collections.</subfield>
            </datafield>
            <datafield ind1=' ' ind2='0' tag='650'>
                  <subfield code='a'>Algonquian literature</subfield>
                  <subfield code='z'>Middle West.</subfield>
            </datafield>
            <datafield ind1=' ' ind2='0' tag='650'>
                  <subfield code='a'>Miami Indians</subfield>
                  <subfield code='v'>Literary collections.</subfield>
            </datafield>
            <datafield ind1=' ' ind2='0' tag='650'>
                  <subfield code='a'>Peoria Indians</subfield>
                  <subfield code='v'>Literary collections.</subfield>
            </datafield>
            <datafield ind1=' ' ind2='0' tag='650'>
                  <subfield code='a'>Indians of North America</subfield>
                  <subfield code='v'>Literary collections.</subfield>
            </datafield>
            <datafield ind1=' ' ind2='6' tag='650'>
                  <subfield code='a'>Miami (Langue)</subfield>
                  <subfield code='v'>Romans, nouvelles, etc.</subfield>
            </datafield>
            <datafield ind1=' ' ind2='6' tag='650'>
                  <subfield code='a'>Illinois (Langue)</subfield>
                  <subfield code='v'>Romans, nouvelles, etc.</subfield>
            </datafield>
            <datafield ind1=' ' ind2='6' tag='650'>
                  <subfield code='a'>Narration</subfield>
                  <subfield code='v'>Anthologies.</subfield>
            </datafield>
            <datafield ind1=' ' ind2='6' tag='650'>
                  <subfield code='a'>Littérature algonquienne</subfield>
                  <subfield code='z'>Midwest (États-Unis)</subfield>
            </datafield>
            <datafield ind1=' ' ind2='6' tag='650'>
                  <subfield code='a'>Miami</subfield>
                  <subfield code='v'>Anthologies.</subfield>
            </datafield>
            <datafield ind1=' ' ind2='6' tag='650'>
                  <subfield code='a'>Peoria</subfield>
                  <subfield code='v'>Anthologies.</subfield>
            </datafield>
            <datafield ind1=' ' ind2='7' tag='650'>
                  <subfield code='a'>Algonquian literature.</subfield>
                  <subfield code='2'>fast</subfield>
                  <subfield code='0'>(OCoLC)fst00805009</subfield>
            </datafield>
            <datafield ind1=' ' ind2='7' tag='650'>
                  <subfield code='a'>Illinois language.</subfield>
                  <subfield code='2'>fast</subfield>
                  <subfield code='0'>(OCoLC)fst00967227</subfield>
            </datafield>
            <datafield ind1=' ' ind2='7' tag='650'>
                  <subfield code='a'>Indians of North America.</subfield>
                  <subfield code='2'>fast</subfield>
                  <subfield code='0'>(OCoLC)fst00969633</subfield>
            </datafield>
            <datafield ind1=' ' ind2='7' tag='650'>
                  <subfield code='a'>Miami Indians.</subfield>
                  <subfield code='2'>fast</subfield>
                  <subfield code='0'>(OCoLC)fst01019301</subfield>
            </datafield>
            <datafield ind1=' ' ind2='7' tag='650'>
                  <subfield code='a'>Miami language (Ind. and Okla.)</subfield>
                  <subfield code='2'>fast</subfield>
                  <subfield code='0'>(OCoLC)fst01019314</subfield>
            </datafield>
            <datafield ind1=' ' ind2='7' tag='650'>
                  <subfield code='a'>Narration (Rhetoric)</subfield>
                  <subfield code='2'>fast</subfield>
                  <subfield code='0'>(OCoLC)fst01032927</subfield>
            </datafield>
            <datafield ind1=' ' ind2='7' tag='650'>
                  <subfield code='a'>Peoria Indians.</subfield>
                  <subfield code='2'>fast</subfield>
                  <subfield code='0'>(OCoLC)fst01057487</subfield>
            </datafield>
            <datafield ind1=' ' ind2='7' tag='651'>
                  <subfield code='a'>Middle West.</subfield>
                  <subfield code='2'>fast</subfield>
                  <subfield code='0'>(OCoLC)fst01240052</subfield>
            </datafield>
            <datafield ind1=' ' ind2='7' tag='655'>
                  <subfield code='a'>Fiction.</subfield>
                  <subfield code='2'>fast</subfield>
                  <subfield code='0'>(OCoLC)fst01423787</subfield>
            </datafield>
            <datafield ind1=' ' ind2='7' tag='655'>
                  <subfield code='a'>Literary collections.</subfield>
                  <subfield code='2'>fast</subfield>
                  <subfield code='0'>(OCoLC)fst01423811</subfield>
            </datafield>
            <datafield ind1='1' ind2=' ' tag='700'>
                  <subfield code='a'>Costa, David J.</subfield>
            </datafield>
            <datafield ind1='2' ind2=' ' tag='710'>
                  <subfield code='a'>Miami University (Oxford, Ohio)</subfield>
            </datafield>
            <datafield ind1=' ' ind2=' ' tag='758'>
                  <subfield code='i'>has work:</subfield>
                  <subfield code='a'>Myaamia neehi peewaalia aacimoona neehi aalhsoohkaana (Text)</subfield>
                  <subfield code='1'>https://id.oclc.org/worldcat/entity/E39PCGhFWPd3MfxvvP9yCXgBT3</subfield>
                  <subfield code='4'>https://id.oclc.org/worldcat/ontology/hasWork</subfield>
            </datafield>
            <datafield ind1=' ' ind2=' ' tag='902'>
                  <subfield code='a'>940007269</subfield>
                  <subfield code='w'>copy</subfield>
                  <subfield code='1'>20240329094303.0</subfield>
            </datafield>
            <datafield ind1=' ' ind2=' ' tag='914'>
                  <subfield code='a'>(OCoLC)ocn707937942</subfield>
                  <subfield code='b'>OCoLC</subfield>
                  <subfield code='c'>match</subfield>
                  <subfield code='d'>20240410</subfield>
                  <subfield code='e'>processed</subfield>
                  <subfield code='f'>707937942</subfield>
            </datafield>
            <datafield ind1=' ' ind2=' ' tag='AVA'>
                  <subfield code='0'>99130262497406421</subfield>
                  <subfield code='8'>221015267060006421</subfield>
                  <subfield code='a'>01PRI_INST</subfield>
                  <subfield code='b'>firestone</subfield>
                  <subfield code='c'>Stacks</subfield>
                  <subfield code='d'>PM1781 .M93 2010</subfield>
                  <subfield code='e'>available</subfield>
                  <subfield code='f'>1</subfield>
                  <subfield code='g'>0</subfield>
                  <subfield code='j'>stacks</subfield>
                  <subfield code='k'>0</subfield>
                  <subfield code='p'>1</subfield>
                  <subfield code='q'>Firestone Library</subfield>
            </datafield>
      </record>