
      <record>
            <leader>01895cam a2200481 a 4500</leader>
            <controlfield tag='001'>9951715503506421</controlfield>
            <controlfield tag='005'>20240711072836.0</controlfield>
            <controlfield tag='008'>060928s2006    mbc      b    000 0aeng^^</controlfield>
            <datafield ind1=' ' ind2=' ' tag='010'>
                  <subfield code='a'>2007408749</subfield>
            </datafield>
            <datafield ind1=' ' ind2=' ' tag='016'>
                  <subfield code='a'>20069053669</subfield>
            </datafield>
            <datafield ind1=' ' ind2=' ' tag='020'>
                  <subfield code='a'>0921064187</subfield>
            </datafield>
            <datafield ind1=' ' ind2=' ' tag='020'>
                  <subfield code='a'>9780921064183</subfield>
            </datafield>
            <datafield ind1=' ' ind2=' ' tag='035'>
                  <subfield code='a'>(NjP)5171550-princetondb</subfield>
            </datafield>
            <datafield ind1=' ' ind2=' ' tag='035'>
                  <subfield code='z'>(NjP)Voyager5171550</subfield>
            </datafield>
            <datafield ind1=' ' ind2=' ' tag='035'>
                  <subfield code='a'>(OCoLC)ocm71812333</subfield>
            </datafield>
            <datafield ind1=' ' ind2=' ' tag='040'>
                  <subfield code='a'>NLC</subfield>
                  <subfield code='b'>eng</subfield>
                  <subfield code='c'>NLC</subfield>
                  <subfield code='d'>DLC</subfield>
                  <subfield code='d'>CUS</subfield>
                  <subfield code='d'>YDXCP</subfield>
            </datafield>
            <datafield ind1='0' ind2=' ' tag='041'>
                  <subfield code='a'>alg</subfield>
                  <subfield code='a'>eng</subfield>
            </datafield>
            <datafield ind1=' ' ind2='7' tag='041'>
                  <subfield code='a'>eng</subfield>
                  <subfield code='a'>sac</subfield>
                  <subfield code='2'>iso639-3</subfield>
            </datafield>
            <datafield ind1=' ' ind2=' ' tag='042'>
                  <subfield code='a'>lccopycat</subfield>
            </datafield>
            <datafield ind1=' ' ind2=' ' tag='043'>
                  <subfield code='a'>n-us-ia</subfield>
            </datafield>
            <datafield ind1='0' ind2='0' tag='050'>
                  <subfield code='a'>PM1195.Z9</subfield>
                  <subfield code='b'>I84 2006</subfield>
            </datafield>
            <datafield ind1='0' ind2='2' tag='055'>
                  <subfield code='a'>PM1195*</subfield>
            </datafield>
            <datafield ind1=' ' ind2='0' tag='055'>
                  <subfield code='a'>PM1195 Z77</subfield>
                  <subfield code='b'>G63 2006</subfield>
            </datafield>
            <datafield ind1='0' ind2='0' tag='055'>
                  <subfield code='a'>PM1195 Z77</subfield>
                  <subfield code='b'>G63 2006 fol.</subfield>
            </datafield>
            <datafield ind1='0' ind2='4' tag='082'>
                  <subfield code='a'>497/.314</subfield>
                  <subfield code='2'>22</subfield>
            </datafield>
            <datafield ind1='1' ind2=' ' tag='100'>
                  <subfield code='a'>Goddard, Ives,</subfield>
                  <subfield code='d'>1941-</subfield>
                  <subfield code='0'>http://id.loc.gov/authorities/names/n78096255</subfield>
            </datafield>
            <datafield ind1='1' ind2='4' tag='245'>
                  <subfield code='a'>The autobiography of a Meskwaki woman :</subfield>
                  <subfield code='b'>a new edition and translation /</subfield>
                  <subfield code='c'>Ives Goddard.</subfield>
            </datafield>
            <datafield ind1=' ' ind2=' ' tag='260'>
                  <subfield code='a'>Winnipeg :</subfield>
                  <subfield code='b'>Algonquian and Iroquoian Linguistics,</subfield>
                  <subfield code='c'>c2006.</subfield>
            </datafield>
            <datafield ind1=' ' ind2=' ' tag='300'>
                  <subfield code='a'>221 p. ;</subfield>
                  <subfield code='c'>28 cm.</subfield>
            </datafield>
            <datafield ind1='1' ind2=' ' tag='490'>
                  <subfield code='a'>Memoir / Algonquian and Iroquoian Linguistics ;</subfield>
                  <subfield code='v'>18</subfield>
            </datafield>
            <datafield ind1=' ' ind2=' ' tag='500'>
                  <subfield code='a'>Originally written 1918 by an anonymous Meskwaki woman from the Meskwaki settlement in Tama County, Iowa.</subfield>
            </datafield>
            <datafield ind1=' ' ind2=' ' tag='504'>
                  <subfield code='a'>Includes bibliographical references: p. 5.</subfield>
            </datafield>
            <datafield ind1=' ' ind2=' ' tag='546'>
                  <subfield code='a'>Text in Meskwaki and English.</subfield>
            </datafield>
            <datafield ind1=' ' ind2='0' tag='650'>
                  <subfield code='a'>Fox language</subfield>
                  <subfield code='z'>Iowa</subfield>
                  <subfield code='z'>Tama County</subfield>
                  <subfield code='v'>Texts.</subfield>
            </datafield>
            <datafield ind1=' ' ind2='0' tag='650'>
                  <subfield code='a'>Fox women</subfield>
                  <subfield code='z'>Iowa</subfield>
                  <subfield code='z'>Tama County</subfield>
                  <subfield code='x'>Social life and customs.</subfield>
            </datafield>
            <datafield ind1=' ' ind2='0' tag='650'>
                  <subfield code='a'>Fox Indians</subfield>
                  <subfield code='z'>Iowa</subfield>
                  <subfield code='z'>Tama County</subfield>
                  <subfield code='x'>Social life and customs.</subfield>
            </datafield>
            <datafield ind1=' ' ind2='0' tag='650'>
                  <subfield code='a'>Fox women</subfield>
                  <subfield code='z'>Iowa</subfield>
                  <subfield code='z'>Tama County</subfield>
                  <subfield code='v'>Biography.</subfield>
            </datafield>
            <datafield ind1='2' ind2=' ' tag='710'>
                  <subfield code='a'>Algonquian and Iroquoian Linguistics.</subfield>
                  <subfield code='0'>http://id.loc.gov/authorities/names/nr94028327</subfield>
            </datafield>
            <datafield ind1=' ' ind2='0' tag='830'>
                  <subfield code='a'>Memoir (Algonquian and Iroquoian Linguistics) ;</subfield>
                  <subfield code='v'>18.</subfield>
            </datafield>
            <datafield ind1=' ' ind2=' ' tag='902'>
                  <subfield code='a'>st3</subfield>
                  <subfield code='b'>l</subfield>
                  <subfield code='6'>a</subfield>
                  <subfield code='7'>m</subfield>
                  <subfield code='d'>v</subfield>
                  <subfield code='f'>1</subfield>
                  <subfield code='e'>20071129</subfield>
            </datafield>
            <datafield ind1=' ' ind2=' ' tag='904'>
                  <subfield code='a'>jc0</subfield>
                  <subfield code='b'>m</subfield>
                  <subfield code='h'>m</subfield>
                  <subfield code='c'>b</subfield>
                  <subfield code='e'>20070508</subfield>
            </datafield>
            <datafield ind1=' ' ind2=' ' tag='914'>
                  <subfield code='a'>(OCoLC)ocm71812333</subfield>
                  <subfield code='b'>OCoLC</subfield>
                  <subfield code='c'>match</subfield>
                  <subfield code='d'>20240703</subfield>
                  <subfield code='e'>processed</subfield>
                  <subfield code='f'>71812333</subfield>
            </datafield>
            <datafield ind1=' ' ind2=' ' tag='999'>
                  <subfield code='a'>5171550</subfield>
            </datafield>
            <datafield ind1=' ' ind2=' ' tag='AVA'>
                  <subfield code='0'>9951715503506421</subfield>
                  <subfield code='8'>22493350660006421</subfield>
                  <subfield code='a'>01PRI_INST</subfield>
                  <subfield code='b'>firestone</subfield>
                  <subfield code='c'>Stacks</subfield>
                  <subfield code='d'>PM1195.Z9 I84 2006</subfield>
                  <subfield code='e'>available</subfield>
                  <subfield code='f'>1</subfield>
                  <subfield code='g'>0</subfield>
                  <subfield code='j'>stacks</subfield>
                  <subfield code='k'>0</subfield>
                  <subfield code='p'>1</subfield>
                  <subfield code='q'>Firestone Library</subfield>
            </datafield>
      </record>