
      <record>
            <leader>05119cgm a2200733Ia 4500</leader>
            <controlfield tag='001'>9960349043506421</controlfield>
            <controlfield tag='005'>20240509050946.0</controlfield>
            <controlfield tag='007'>vd#cvaizk</controlfield>
            <controlfield tag='008'>060224s2006    cau135 g          vleng d</controlfield>
            <datafield ind1=' ' ind2=' ' tag='019'>
                  <subfield code='a'>71196434</subfield>
                  <subfield code='a'>122256144</subfield>
            </datafield>
            <datafield ind1=' ' ind2=' ' tag='020'>
                  <subfield code='a'>078065479X</subfield>
            </datafield>
            <datafield ind1=' ' ind2=' ' tag='020'>
                  <subfield code='a'>9780780654792</subfield>
            </datafield>
            <datafield ind1='1' ind2='0' tag='024'>
                  <subfield code='a'>794043102530</subfield>
            </datafield>
            <datafield ind1='1' ind2='0' tag='024'>
                  <subfield code='a'>794043103124</subfield>
            </datafield>
            <datafield ind1='4' ind2='1' tag='028'>
                  <subfield code='a'>N10253</subfield>
                  <subfield code='b'>New Line Home Entertainment</subfield>
            </datafield>
            <datafield ind1=' ' ind2=' ' tag='035'>
                  <subfield code='a'>(NjP)6034904-princetondb</subfield>
            </datafield>
            <datafield ind1=' ' ind2=' ' tag='035'>
                  <subfield code='z'>(OCoLC)71196434</subfield>
                  <subfield code='z'>(OCoLC)122256144</subfield>
            </datafield>
            <datafield ind1=' ' ind2=' ' tag='035'>
                  <subfield code='z'>(NjP)Voyager6034904</subfield>
            </datafield>
            <datafield ind1=' ' ind2=' ' tag='035'>
                  <subfield code='a'>(OCoLC)ocm64282455</subfield>
            </datafield>
            <datafield ind1=' ' ind2=' ' tag='037'>
                  <subfield code='b'>Midwest Tape</subfield>
                  <subfield code='n'>http://www.midwesttapes.com</subfield>
            </datafield>
            <datafield ind1=' ' ind2=' ' tag='040'>
                  <subfield code='a'>TEFMT</subfield>
                  <subfield code='c'>TEFMT</subfield>
                  <subfield code='d'>TEF</subfield>
                  <subfield code='d'>RCS</subfield>
                  <subfield code='d'>GK8</subfield>
                  <subfield code='d'>MNL</subfield>
                  <subfield code='d'>OCLCQ</subfield>
                  <subfield code='d'>BTCTA</subfield>
                  <subfield code='d'>WAU</subfield>
                  <subfield code='d'>OCLCQ</subfield>
                  <subfield code='d'>TKN</subfield>
                  <subfield code='d'>YDXCP</subfield>
                  <subfield code='d'>OCLCQ</subfield>
                  <subfield code='d'>LF8</subfield>
                  <subfield code='d'>OCLCA</subfield>
                  <subfield code='d'>OCLCQ</subfield>
                  <subfield code='d'>KL8</subfield>
            </datafield>
            <datafield ind1='1' ind2=' ' tag='041'>
                  <subfield code='a'>eng</subfield>
                  <subfield code='a'>alg</subfield>
                  <subfield code='b'>eng</subfield>
                  <subfield code='b'>spa</subfield>
                  <subfield code='g'>eng</subfield>
            </datafield>
            <datafield ind1=' ' ind2=' ' tag='043'>
                  <subfield code='a'>n-us-va</subfield>
            </datafield>
            <datafield ind1='1' ind2='4' tag='050'>
                  <subfield code='a'>PN1995.9.H5</subfield>
                  <subfield code='b'>N49 2006</subfield>
            </datafield>
            <datafield ind1='0' ind2='4' tag='082'>
                  <subfield code='a'>791.43/72</subfield>
                  <subfield code='2'>22</subfield>
            </datafield>
            <datafield ind1='0' ind2=' ' tag='130'>
                  <subfield code='a'>New world (Motion picture)</subfield>
                  <subfield code='0'>http://id.loc.gov/authorities/names/no2006046802</subfield>
            </datafield>
            <datafield ind1='1' ind2='4' tag='245'>
                  <subfield code='a'>The new world</subfield>
                  <subfield code='h'>[videorecording] /</subfield>
                  <subfield code='c'>New Line Cinema presents ; produced by Sarah Green ; written and directed by Terrence Malick.</subfield>
            </datafield>
            <datafield ind1=' ' ind2=' ' tag='260'>
                  <subfield code='a'>[Burbank, Calif.] :</subfield>
                  <subfield code='b'>New Line Home Entertainment,</subfield>
                  <subfield code='c'>[2006]</subfield>
            </datafield>
            <datafield ind1=' ' ind2=' ' tag='300'>
                  <subfield code='a'>1 videodisc (ca. 135 min.) :</subfield>
                  <subfield code='b'>sd., col. ;</subfield>
                  <subfield code='c'>4 3/4 in.</subfield>
            </datafield>
            <datafield ind1=' ' ind2=' ' tag='538'>
                  <subfield code='a'>DVD; region 1; widescreen (2.35:1) presentation; InterActual.</subfield>
            </datafield>
            <datafield ind1=' ' ind2=' ' tag='538'>
                  <subfield code='a'>DVD-ROM minimum system requirements: InterActual compatible play (included in this disc), Microsoft® Windows® 98SE or later, Microsoft® IE 5.5 SP1, Macromedia Flash Player 7, an internet connection, a DVD-ROM drive and a DirectShow compatible DVD decoder. This DVD will not work in a CD-ROM drive, and the DVD-ROM features are not available on Apple® Mac OS®.</subfield>
            </datafield>
            <datafield ind1=' ' ind2=' ' tag='546'>
                  <subfield code='a'>Closed-captioned; dialogue in English (5.1 Surround ; Stereo Surround) and Algonquin with optional English or Spanish subtitles.</subfield>
            </datafield>
            <datafield ind1='1' ind2=' ' tag='511'>
                  <subfield code='a'>Colin Farrell, Christopher Plummer, Christian Bale, August Schellenberg, Wes Studi, Q&apos;Orianka Kilcher, David Thewlis.</subfield>
            </datafield>
            <datafield ind1=' ' ind2=' ' tag='508'>
                  <subfield code='a'>Director of photography, Emmanuel Lubezki ; art director, David Crank ; editors, Richard Chew, Hank Corwin, Saar Klein, Mark Yoshikawa ; music, James Horner ; costume designer, Jacqueline West ; production designer, Jack Fisk ; special effects supervisor, Steve Lucas.</subfield>
            </datafield>
            <datafield ind1=' ' ind2=' ' tag='500'>
                  <subfield code='a'>Special features: Making &apos;The new world&apos; documentary (60 min.) ; trailers ; access to DVD-ROM features.</subfield>
            </datafield>
            <datafield ind1=' ' ind2=' ' tag='520'>
                  <subfield code='a'>Set admidst the first encounter of European and Native American cultures during the founding of the Jamestown Virginia settlement in 1607. Tells the classic tale of Pocahontas and her relationships with adventurer John Smith and aristocrat John Rolfe. This woman&apos;s journey of love lost and found again takes her from the untouched beauty of the Virginia wilderness to the upper crust of English society as we witness the dawn of a new America.</subfield>
            </datafield>
            <datafield ind1='8' ind2=' ' tag='521'>
                  <subfield code='a'>Unrated version contains material different from the PG-13 rated version.</subfield>
            </datafield>
            <datafield ind1=' ' ind2=' ' tag='506'>
                  <subfield code='a'>For private home use only.</subfield>
            </datafield>
            <datafield ind1='0' ind2='0' tag='600'>
                  <subfield code='a'>Pocahontas,</subfield>
                  <subfield code='d'>-1617</subfield>
                  <subfield code='v'>Drama.</subfield>
            </datafield>
            <datafield ind1='1' ind2='0' tag='600'>
                  <subfield code='a'>Smith, John,</subfield>
                  <subfield code='d'>1580-1631</subfield>
                  <subfield code='v'>Drama.</subfield>
            </datafield>
            <datafield ind1='1' ind2='0' tag='600'>
                  <subfield code='a'>Rolfe, John,</subfield>
                  <subfield code='d'>1585-1622</subfield>
                  <subfield code='v'>Drama.</subfield>
            </datafield>
            <datafield ind1=' ' ind2='0' tag='650'>
                  <subfield code='a'>Powhatan Indians</subfield>
                  <subfield code='z'>Virginia</subfield>
                  <subfield code='z'>Jamestown</subfield>
                  <subfield code='x'>History</subfield>
                  <subfield code='y'>17th century</subfield>
                  <subfield code='v'>Drama.</subfield>
            </datafield>
            <datafield ind1=' ' ind2='0' tag='651'>
                  <subfield code='a'>Jamestown (Va.)</subfield>
                  <subfield code='x'>History</subfield>
                  <subfield code='y'>17th century</subfield>
                  <subfield code='v'>Drama.</subfield>
            </datafield>
            <datafield ind1=' ' ind2='0' tag='650'>
                  <subfield code='a'>Man-woman relationships</subfield>
                  <subfield code='v'>Drama.</subfield>
                  <subfield code='0'>http://id.loc.gov/authorities/subjects/sh2008107215</subfield>
            </datafield>
            <datafield ind1=' ' ind2='7' tag='655'>
                  <subfield code='a'>Feature films.</subfield>
                  <subfield code='2'>lcgft</subfield>
                  <subfield code='0'>http://id.loc.gov/authorities/genreForms/gf2011026247</subfield>
            </datafield>
            <datafield ind1=' ' ind2='7' tag='655'>
                  <subfield code='a'>Historical films.</subfield>
                  <subfield code='2'>lcgft</subfield>
                  <subfield code='0'>http://id.loc.gov/authorities/genreForms/gf2011026311</subfield>
            </datafield>
            <datafield ind1=' ' ind2='7' tag='655'>
                  <subfield code='a'>Biographical films.</subfield>
                  <subfield code='2'>lcgft</subfield>
                  <subfield code='0'>http://id.loc.gov/authorities/genreForms/gf2011026089</subfield>
            </datafield>
            <datafield ind1=' ' ind2='7' tag='655'>
                  <subfield code='a'>Action and adventure films.</subfield>
                  <subfield code='2'>lcgft</subfield>
                  <subfield code='0'>http://id.loc.gov/authorities/genreForms/gf2011026005</subfield>
            </datafield>
            <datafield ind1=' ' ind2='7' tag='655'>
                  <subfield code='a'>Video recordings for the hearing impaired.</subfield>
                  <subfield code='2'>lcgft</subfield>
                  <subfield code='0'>http://id.loc.gov/authorities/genreForms/gf2011026725</subfield>
            </datafield>
            <datafield ind1=' ' ind2='7' tag='655'>
                  <subfield code='a'>Drama.</subfield>
                  <subfield code='2'>lcgft</subfield>
                  <subfield code='0'>http://id.loc.gov/authorities/genreForms/gf2014026297</subfield>
            </datafield>
            <datafield ind1=' ' ind2='7' tag='655'>
                  <subfield code='a'>Video recordings.</subfield>
                  <subfield code='2'>lcgft</subfield>
                  <subfield code='0'>http://id.loc.gov/authorities/genreForms/gf2011026723</subfield>
            </datafield>
            <datafield ind1='1' ind2=' ' tag='700'>
                  <subfield code='a'>Malick, Terrence,</subfield>
                  <subfield code='d'>1943-</subfield>
                  <subfield code='4'>drt.</subfield>
                  <subfield code='4'>aus</subfield>
                  <subfield code='0'>http://id.loc.gov/authorities/names/n86041335</subfield>
            </datafield>
            <datafield ind1='1' ind2=' ' tag='700'>
                  <subfield code='a'>Green, Sarah,</subfield>
                  <subfield code='d'>1957-</subfield>
                  <subfield code='4'>pro</subfield>
                  <subfield code='0'>http://id.loc.gov/authorities/names/no2003011688</subfield>
            </datafield>
            <datafield ind1='1' ind2=' ' tag='700'>
                  <subfield code='a'>Farrell, Colin,</subfield>
                  <subfield code='d'>1976-</subfield>
                  <subfield code='4'>act</subfield>
                  <subfield code='0'>http://id.loc.gov/authorities/names/no2003061380</subfield>
            </datafield>
            <datafield ind1='1' ind2=' ' tag='700'>
                  <subfield code='a'>Kilcher, Q&apos;Orianka.</subfield>
                  <subfield code='4'>act</subfield>
                  <subfield code='0'>http://id.loc.gov/authorities/names/no2006051311</subfield>
            </datafield>
            <datafield ind1='1' ind2=' ' tag='700'>
                  <subfield code='a'>Bale, Christian,</subfield>
                  <subfield code='d'>1974-</subfield>
                  <subfield code='4'>act</subfield>
                  <subfield code='0'>http://id.loc.gov/authorities/names/no99076012</subfield>
            </datafield>
            <datafield ind1='1' ind2=' ' tag='700'>
                  <subfield code='a'>Plummer, Christopher.</subfield>
                  <subfield code='4'>act</subfield>
                  <subfield code='0'>http://id.loc.gov/authorities/names/n81017250</subfield>
            </datafield>
            <datafield ind1='1' ind2=' ' tag='700'>
                  <subfield code='a'>Schellenberg, August.</subfield>
                  <subfield code='4'>act</subfield>
                  <subfield code='0'>http://id.loc.gov/authorities/names/no97018665</subfield>
            </datafield>
            <datafield ind1='1' ind2=' ' tag='700'>
                  <subfield code='a'>Studi, Wes.</subfield>
                  <subfield code='4'>act</subfield>
                  <subfield code='0'>http://id.loc.gov/authorities/names/no96027567</subfield>
            </datafield>
            <datafield ind1='2' ind2=' ' tag='710'>
                  <subfield code='a'>New Line Productions, Inc.</subfield>
                  <subfield code='0'>http://id.loc.gov/authorities/names/no95047264</subfield>
            </datafield>
            <datafield ind1='2' ind2=' ' tag='710'>
                  <subfield code='a'>New Line Home Entertainment (Firm)</subfield>
                  <subfield code='0'>http://id.loc.gov/authorities/names/no2001034039</subfield>
            </datafield>
            <datafield ind1=' ' ind2=' ' tag='902'>
                  <subfield code='a'>msw</subfield>
                  <subfield code='b'>m</subfield>
                  <subfield code='6'>g</subfield>
                  <subfield code='7'>m</subfield>
                  <subfield code='d'>e</subfield>
                  <subfield code='f'>1</subfield>
                  <subfield code='e'>20100127</subfield>
            </datafield>
            <datafield ind1=' ' ind2=' ' tag='904'>
                  <subfield code='a'>kla</subfield>
                  <subfield code='b'>o</subfield>
                  <subfield code='h'>m</subfield>
                  <subfield code='c'>v</subfield>
                  <subfield code='e'>20100119</subfield>
            </datafield>
            <datafield ind1=' ' ind2=' ' tag='914'>
                  <subfield code='a'>(OCoLC)ocm64282455</subfield>
                  <subfield code='b'>OCoLC</subfield>
                  <subfield code='c'>match</subfield>
                  <subfield code='d'>20240508</subfield>
                  <subfield code='e'>processed</subfield>
                  <subfield code='f'>64282455</subfield>
            </datafield>
            <datafield ind1=' ' ind2=' ' tag='AVA'>
                  <subfield code='0'>9960349043506421</subfield>
                  <subfield code='8'>22634125650006421</subfield>
                  <subfield code='a'>01PRI_INST</subfield>
                  <subfield code='b'>firestone</subfield>
                  <subfield code='c'>Video Collection: Circulation Desk</subfield>
                  <subfield code='d'>DVD 5026</subfield>
                  <subfield code='e'>unavailable</subfield>
                  <subfield code='f'>1</subfield>
                  <subfield code='g'>1</subfield>
                  <subfield code='j'>vidl</subfield>
                  <subfield code='k'>8</subfield>
                  <subfield code='p'>1</subfield>
                  <subfield code='q'>Firestone Library</subfield>
            </datafield>
      </record>