
      <record>
            <leader>02710cam a22006494a 4500</leader>
            <controlfield tag='001'>99125476711906421</controlfield>
            <controlfield tag='005'>20220225140459.7</controlfield>
            <controlfield tag='008'>031113s2003    meu      bd   000 0 eng^^</controlfield>
            <datafield ind1=' ' ind2=' ' tag='010'>
                  <subfield code='a'>2003475930</subfield>
            </datafield>
            <datafield ind1=' ' ind2=' ' tag='020'>
                  <subfield code='a'>9780943197296</subfield>
            </datafield>
            <datafield ind1=' ' ind2=' ' tag='020'>
                  <subfield code='a'>0943197295</subfield>
            </datafield>
            <datafield ind1=' ' ind2=' ' tag='035'>
                  <subfield code='a'>(OCoLC)53278092</subfield>
            </datafield>
            <datafield ind1=' ' ind2=' ' tag='035'>
                  <subfield code='a'>(OCoLC)ocm53278092</subfield>
            </datafield>
            <datafield ind1=' ' ind2=' ' tag='040'>
                  <subfield code='a'>DLC</subfield>
                  <subfield code='b'>eng</subfield>
                  <subfield code='c'>DLC</subfield>
                  <subfield code='d'>BTCTA</subfield>
                  <subfield code='d'>YDXCP</subfield>
                  <subfield code='d'>OCLCG</subfield>
                  <subfield code='d'>QE2</subfield>
                  <subfield code='d'>OCLCF</subfield>
                  <subfield code='d'>OCLCQ</subfield>
                  <subfield code='d'>OCLCO</subfield>
                  <subfield code='d'>MMM</subfield>
                  <subfield code='d'>OCLCO</subfield>
                  <subfield code='d'>OCL</subfield>
                  <subfield code='d'>UNBCA</subfield>
            </datafield>
            <datafield ind1='0' ind2=' ' tag='041'>
                  <subfield code='a'>eng</subfield>
                  <subfield code='a'>alg</subfield>
                  <subfield code='a'>fre</subfield>
            </datafield>
            <datafield ind1=' ' ind2=' ' tag='042'>
                  <subfield code='a'>pcc</subfield>
            </datafield>
            <datafield ind1=' ' ind2=' ' tag='043'>
                  <subfield code='a'>n-us-me</subfield>
            </datafield>
            <datafield ind1='0' ind2='0' tag='050'>
                  <subfield code='a'>GR1</subfield>
                  <subfield code='b'>.N65 vol.37</subfield>
                  <subfield code='a'>E99.A13</subfield>
            </datafield>
            <datafield ind1=' ' ind2='3' tag='055'>
                  <subfield code='a'>E99.A13</subfield>
                  <subfield code='b'>S76 2003</subfield>
            </datafield>
            <datafield ind1='0' ind2='0' tag='082'>
                  <subfield code='a'>398.2/089/973</subfield>
                  <subfield code='2'>22</subfield>
            </datafield>
            <datafield ind1='1' ind2=' ' tag='100'>
                  <subfield code='a'>Spotted Elk, Molly,</subfield>
                  <subfield code='d'>1903-1977.</subfield>
            </datafield>
            <datafield ind1='1' ind2='0' tag='245'>
                  <subfield code='a'>Katahdin :</subfield>
                  <subfield code='b'>wigwam&apos;s tales of the Abnaki Tribe and a dictionary of Penobscot and Passamaquoddy words with French and English translations /</subfield>
                  <subfield code='c'>by Molly Spotted Elk.</subfield>
            </datafield>
            <datafield ind1=' ' ind2=' ' tag='260'>
                  <subfield code='a'>Orono, Me. :</subfield>
                  <subfield code='b'>Maine Folklife Center,</subfield>
                  <subfield code='c'>©2003.</subfield>
            </datafield>
            <datafield ind1=' ' ind2=' ' tag='300'>
                  <subfield code='a'>xxii, 203 pages ;</subfield>
                  <subfield code='c'>23 cm.</subfield>
            </datafield>
            <datafield ind1=' ' ind2=' ' tag='336'>
                  <subfield code='a'>text</subfield>
                  <subfield code='b'>txt</subfield>
                  <subfield code='2'>rdacontent</subfield>
            </datafield>
            <datafield ind1=' ' ind2=' ' tag='337'>
                  <subfield code='a'>unmediated</subfield>
                  <subfield code='b'>n</subfield>
                  <subfield code='2'>rdamedia</subfield>
            </datafield>
            <datafield ind1=' ' ind2=' ' tag='338'>
                  <subfield code='a'>volume</subfield>
                  <subfield code='b'>nc</subfield>
                  <subfield code='2'>rdacarrier</subfield>
            </datafield>
            <datafield ind1='1' ind2=' ' tag='490'>
                  <subfield code='a'>Northeast folklore ;</subfield>
                  <subfield code='v'>v. 37</subfield>
            </datafield>
            <datafield ind1=' ' ind2=' ' tag='504'>
                  <subfield code='a'>Includes bibliographical references (pages 133-135).</subfield>
            </datafield>
            <datafield ind1=' ' ind2=' ' tag='520'>
                  <subfield code='a'>Stories about Mt. Katahdin, the origins of corn and tobacco, animal behavior, how the rabbit lost his tail, how mice became small, and numerous others are contained in this volume.</subfield>
            </datafield>
            <datafield ind1=' ' ind2='0' tag='650'>
                  <subfield code='a'>Abenaki Indians</subfield>
                  <subfield code='v'>Folklore.</subfield>
            </datafield>
            <datafield ind1=' ' ind2='0' tag='650'>
                  <subfield code='a'>Tales</subfield>
                  <subfield code='z'>Maine</subfield>
                  <subfield code='z'>Katahdin, Mount.</subfield>
            </datafield>
            <datafield ind1=' ' ind2='0' tag='651'>
                  <subfield code='a'>Katahdin, Mount (Me.)</subfield>
                  <subfield code='v'>Folklore.</subfield>
            </datafield>
            <datafield ind1=' ' ind2='0' tag='650'>
                  <subfield code='a'>Penobscot language</subfield>
                  <subfield code='v'>Dictionaries</subfield>
                  <subfield code='x'>Polyglot.</subfield>
            </datafield>
            <datafield ind1=' ' ind2='0' tag='650'>
                  <subfield code='a'>Passamaquoddy language</subfield>
                  <subfield code='v'>Dictionaries</subfield>
                  <subfield code='x'>Polyglot.</subfield>
            </datafield>
            <datafield ind1=' ' ind2='7' tag='650'>
                  <subfield code='a'>Abenaki Indians.</subfield>
                  <subfield code='2'>fast</subfield>
                  <subfield code='0'>(OCoLC)fst00794350</subfield>
            </datafield>
            <datafield ind1=' ' ind2='7' tag='650'>
                  <subfield code='a'>Passamaquoddy language.</subfield>
                  <subfield code='2'>fast</subfield>
                  <subfield code='0'>(OCoLC)fst01054363</subfield>
            </datafield>
            <datafield ind1=' ' ind2='7' tag='650'>
                  <subfield code='a'>Penobscot language.</subfield>
                  <subfield code='2'>fast</subfield>
                  <subfield code='0'>(OCoLC)fst01057032</subfield>
            </datafield>
            <datafield ind1=' ' ind2='7' tag='650'>
                  <subfield code='a'>Tales.</subfield>
                  <subfield code='2'>fast</subfield>
                  <subfield code='0'>(OCoLC)fst01142246</subfield>
            </datafield>
            <datafield ind1=' ' ind2='7' tag='651'>
                  <subfield code='a'>Maine</subfield>
                  <subfield code='z'>Mount Katahdin.</subfield>
                  <subfield code='2'>fast</subfield>
                  <subfield code='0'>(OCoLC)fst01333860</subfield>
            </datafield>
            <datafield ind1=' ' ind2='7' tag='655'>
                  <subfield code='a'>Juvenile works.</subfield>
                  <subfield code='2'>fast</subfield>
                  <subfield code='0'>(OCoLC)fst01411637</subfield>
            </datafield>
            <datafield ind1=' ' ind2='7' tag='655'>
                  <subfield code='a'>Informational works.</subfield>
                  <subfield code='2'>fast</subfield>
                  <subfield code='0'>(OCoLC)fst01919930</subfield>
            </datafield>
            <datafield ind1=' ' ind2='7' tag='655'>
                  <subfield code='a'>Folk literature.</subfield>
                  <subfield code='2'>fast</subfield>
                  <subfield code='0'>(OCoLC)fst01921660</subfield>
            </datafield>
            <datafield ind1=' ' ind2='7' tag='655'>
                  <subfield code='a'>Fiction.</subfield>
                  <subfield code='2'>fast</subfield>
                  <subfield code='0'>(OCoLC)fst01423787</subfield>
            </datafield>
            <datafield ind1=' ' ind2='7' tag='655'>
                  <subfield code='a'>Dictionaries.</subfield>
                  <subfield code='2'>fast</subfield>
                  <subfield code='0'>(OCoLC)fst01423826</subfield>
            </datafield>
            <datafield ind1=' ' ind2='7' tag='655'>
                  <subfield code='a'>Folklore.</subfield>
                  <subfield code='2'>fast</subfield>
                  <subfield code='0'>(OCoLC)fst01423784</subfield>
            </datafield>
            <datafield ind1=' ' ind2='7' tag='655'>
                  <subfield code='a'>Informational works.</subfield>
                  <subfield code='2'>lcgft</subfield>
            </datafield>
            <datafield ind1=' ' ind2='7' tag='655'>
                  <subfield code='a'>Children&apos;s stories.</subfield>
                  <subfield code='2'>lcgft</subfield>
            </datafield>
            <datafield ind1=' ' ind2='7' tag='655'>
                  <subfield code='a'>Folk literature.</subfield>
                  <subfield code='2'>lcgft</subfield>
            </datafield>
            <datafield ind1='0' ind2='8' tag='776'>
                  <subfield code='i'>Online version:</subfield>
                  <subfield code='a'>Spotted Elk, Molly, 1903-1977.</subfield>
                  <subfield code='t'>Katahdin.</subfield>
                  <subfield code='d'>Orono, Me. : Maine Folklife Center, ©2003</subfield>
                  <subfield code='w'>(OCoLC)891687174</subfield>
            </datafield>
            <datafield ind1=' ' ind2='0' tag='830'>
                  <subfield code='a'>Northeast folklore ;</subfield>
                  <subfield code='v'>v. 37.</subfield>
            </datafield>
            <datafield ind1=' ' ind2=' ' tag='910'>
                  <subfield code='c'>C0707mon</subfield>
                  <subfield code='d'>3110-10</subfield>
                  <subfield code='g'>YBP</subfield>
            </datafield>
            <datafield ind1=' ' ind2=' ' tag='960'>
                  <subfield code='o'>1</subfield>
                  <subfield code='z'>USD</subfield>
            </datafield>
            <datafield ind1=' ' ind2=' ' tag='961'>
                  <subfield code='f'>SAK</subfield>
                  <subfield code='m'>311010</subfield>
                  <subfield code='n'>Paper</subfield>
            </datafield>
            <datafield ind1=' ' ind2=' ' tag='980'>
                  <subfield code='a'>2021182</subfield>
                  <subfield code='i'>18.00</subfield>
            </datafield>
            <datafield ind1=' ' ind2=' ' tag='982'>
                  <subfield code='c'>f</subfield>
            </datafield>
            <datafield ind1=' ' ind2=' ' tag='984'>
                  <subfield code='a'>20220405</subfield>
                  <subfield code='b'>091115</subfield>
                  <subfield code='c'>YBP-US</subfield>
            </datafield>
            <datafield ind1=' ' ind2=' ' tag='AVA'>
                  <subfield code='0'>99125476711906421</subfield>
                  <subfield code='8'>22923085050006421</subfield>
                  <subfield code='a'>01PRI_INST</subfield>
                  <subfield code='b'>firestone</subfield>
                  <subfield code='c'>Stacks</subfield>
                  <subfield code='d'>GR1 .N65 vol.37</subfield>
                  <subfield code='e'>unavailable</subfield>
                  <subfield code='f'>1</subfield>
                  <subfield code='g'>1</subfield>
                  <subfield code='j'>stacks</subfield>
                  <subfield code='k'>0</subfield>
                  <subfield code='p'>1</subfield>
                  <subfield code='q'>Firestone Library</subfield>
            </datafield>
      </record>