
      <record>
            <leader>03563cam a2200649 i 4500</leader>
            <controlfield tag='001'>99127170846306421</controlfield>
            <controlfield tag='005'>20230911144634.0</controlfield>
            <controlfield tag='008'>930609t19901990nkca     b    000 0 eng d</controlfield>
            <datafield ind1=' ' ind2=' ' tag='010'>
                  <subfield code='a'>92113015</subfield>
            </datafield>
            <datafield ind1=' ' ind2=' ' tag='019'>
                  <subfield code='a'>26853288</subfield>
            </datafield>
            <datafield ind1=' ' ind2=' ' tag='020'>
                  <subfield code='a'>9780920114346</subfield>
            </datafield>
            <datafield ind1=' ' ind2=' ' tag='020'>
                  <subfield code='a'>0920114342</subfield>
            </datafield>
            <datafield ind1=' ' ind2=' ' tag='035'>
                  <subfield code='a'>(OCoLC)22844600</subfield>
                  <subfield code='z'>(OCoLC)26853288</subfield>
            </datafield>
            <datafield ind1=' ' ind2=' ' tag='035'>
                  <subfield code='a'>(OCoLC)ocm22844600</subfield>
            </datafield>
            <datafield ind1=' ' ind2=' ' tag='040'>
                  <subfield code='a'>Me</subfield>
                  <subfield code='b'>eng</subfield>
                  <subfield code='e'>rda</subfield>
                  <subfield code='c'>DLC</subfield>
                  <subfield code='d'>MEA</subfield>
                  <subfield code='d'>NLC</subfield>
                  <subfield code='d'>NYP</subfield>
                  <subfield code='d'>BAKER</subfield>
                  <subfield code='d'>BTCTA</subfield>
                  <subfield code='d'>YDXCP</subfield>
                  <subfield code='d'>QE2</subfield>
                  <subfield code='d'>ZWZ</subfield>
                  <subfield code='d'>ZP2</subfield>
                  <subfield code='d'>OCLCA</subfield>
                  <subfield code='d'>OCLCF</subfield>
                  <subfield code='d'>OCLCO</subfield>
                  <subfield code='d'>OCLCQ</subfield>
                  <subfield code='d'>OCLCO</subfield>
                  <subfield code='d'>OCLCQ</subfield>
                  <subfield code='d'>AOW</subfield>
                  <subfield code='d'>UKMGB</subfield>
                  <subfield code='d'>JG0</subfield>
                  <subfield code='d'>UNBCA</subfield>
                  <subfield code='d'>OCLCO</subfield>
            </datafield>
            <datafield ind1='0' ind2=' ' tag='041'>
                  <subfield code='a'>eng</subfield>
                  <subfield code='a'>alg</subfield>
            </datafield>
            <datafield ind1=' ' ind2=' ' tag='042'>
                  <subfield code='a'>lccopycat</subfield>
            </datafield>
            <datafield ind1=' ' ind2=' ' tag='043'>
                  <subfield code='a'>n-cn---</subfield>
                  <subfield code='a'>n-us-me</subfield>
            </datafield>
            <datafield ind1='0' ind2='0' tag='050'>
                  <subfield code='a'>E99.A13</subfield>
                  <subfield code='b'>M57 1990</subfield>
            </datafield>
            <datafield ind1='0' ind2='0' tag='055'>
                  <subfield code='a'>E99.A35</subfield>
                  <subfield code='b'>W36 1990 fol.</subfield>
            </datafield>
            <datafield ind1='0' ind2='4' tag='082'>
                  <subfield code='a'>970.3</subfield>
                  <subfield code='b'>M681w, 1990</subfield>
                  <subfield code='2'>20</subfield>
            </datafield>
            <datafield ind1=' ' ind2=' ' tag='084'>
                  <subfield code='a'>cci1icc</subfield>
                  <subfield code='2'>lacc</subfield>
            </datafield>
            <datafield ind1='1' ind2=' ' tag='100'>
                  <subfield code='a'>Mitchell, Lewis,</subfield>
                  <subfield code='d'>1847-</subfield>
            </datafield>
            <datafield ind1='1' ind2='0' tag='245'>
                  <subfield code='a'>Wapapi akonutomakonol :</subfield>
                  <subfield code='b'>the Wampum records : Wabanaki traditional laws /</subfield>
                  <subfield code='c'>as recounted by Lewis Mitchell and originally published in 1897 ; revised, annotated and edited together with a new translation by Robert M. Leavitt (University of New Brunswick) and David A. Francis (Passamaquoddy-Maliseet Bilingual Program, Pleasant Point, Perry, Maine).</subfield>
            </datafield>
            <datafield ind1=' ' ind2='1' tag='264'>
                  <subfield code='a'>Fredericton :</subfield>
                  <subfield code='b'>Micmac-Maliseet Institute, University of New Brunswick,</subfield>
                  <subfield code='c'>1990.</subfield>
            </datafield>
            <datafield ind1=' ' ind2='4' tag='264'>
                  <subfield code='c'>©1990</subfield>
            </datafield>
            <datafield ind1=' ' ind2=' ' tag='300'>
                  <subfield code='a'>viii, 68 pages :</subfield>
                  <subfield code='b'>illustrations ;</subfield>
                  <subfield code='c'>28 cm</subfield>
            </datafield>
            <datafield ind1=' ' ind2=' ' tag='336'>
                  <subfield code='a'>text</subfield>
                  <subfield code='b'>txt</subfield>
                  <subfield code='2'>rdacontent</subfield>
            </datafield>
            <datafield ind1=' ' ind2=' ' tag='337'>
                  <subfield code='a'>unmediated</subfield>
                  <subfield code='b'>n</subfield>
                  <subfield code='2'>rdamedia</subfield>
            </datafield>
            <datafield ind1=' ' ind2=' ' tag='338'>
                  <subfield code='a'>volume</subfield>
                  <subfield code='b'>nc</subfield>
                  <subfield code='2'>rdacarrier</subfield>
            </datafield>
            <datafield ind1=' ' ind2=' ' tag='500'>
                  <subfield code='a'>The Wampum records printed in both English and Passamaquoddy languages.</subfield>
            </datafield>
            <datafield ind1=' ' ind2=' ' tag='504'>
                  <subfield code='a'>Includes bibliographical references.</subfield>
            </datafield>
            <datafield ind1='0' ind2='0' tag='505'>
                  <subfield code='t'>From the preface to the 1921 edition /</subfield>
                  <subfield code='r'>John Dyneley Prince --</subfield>
                  <subfield code='t'>Preface to the present edition --</subfield>
                  <subfield code='t'>The Eastern Algonkian Wabanaki Confederacy /</subfield>
                  <subfield code='r'>Frank Speck --</subfield>
                  <subfield code='t'>Wabanaki Wampum protocol /</subfield>
                  <subfield code='r'>Willard Walker --</subfield>
                  <subfield code='t'>Wapapi akonutomakonol /</subfield>
                  <subfield code='r'>Lewis Mitchell --</subfield>
                  <subfield code='t'>The Wampum records annotated (confederacy section) --</subfield>
                  <subfield code='t'>The 1902, 1921, and 1990 versions compared --</subfield>
                  <subfield code='t'>Some additional Wampum studies.</subfield>
            </datafield>
            <datafield ind1=' ' ind2=' ' tag='520'>
                  <subfield code='a'>Lewis Mitchell&apos;s Wampum records, as presented in this book are based on the edition published by John Dyneley Prince in Passamaquoddy texts, 1921.</subfield>
            </datafield>
            <datafield ind1=' ' ind2=' ' tag='546'>
                  <subfield code='a'>Second half of book is an oral account of the formation of the Wabanaki Confederacy from the Passamaquoddy point of view. Along with a pronunciation guide and a breakdown of sentence structure before and after the oral account, respectively.</subfield>
            </datafield>
            <datafield ind1=' ' ind2='0' tag='650'>
                  <subfield code='a'>Abenaki Indians</subfield>
                  <subfield code='x'>Social life and customs.</subfield>
            </datafield>
            <datafield ind1=' ' ind2='0' tag='650'>
                  <subfield code='a'>Wampum belts.</subfield>
            </datafield>
            <datafield ind1=' ' ind2='0' tag='650'>
                  <subfield code='a'>Passamaquoddy language</subfield>
                  <subfield code='x'>Texts.</subfield>
            </datafield>
            <datafield ind1=' ' ind2='0' tag='650'>
                  <subfield code='a'>Passamaquoddy Indians</subfield>
                  <subfield code='x'>Rites and ceremonies.</subfield>
            </datafield>
            <datafield ind1=' ' ind2='0' tag='650'>
                  <subfield code='a'>Abenaki Indians</subfield>
                  <subfield code='x'>Rites and ceremonies.</subfield>
            </datafield>
            <datafield ind1=' ' ind2='7' tag='650'>
                  <subfield code='a'>Abenaki Indians</subfield>
                  <subfield code='x'>Social life and customs.</subfield>
                  <subfield code='2'>fast</subfield>
                  <subfield code='0'>(OCoLC)fst00794355</subfield>
            </datafield>
            <datafield ind1=' ' ind2='7' tag='650'>
                  <subfield code='a'>Passamaquoddy language.</subfield>
                  <subfield code='2'>fast</subfield>
                  <subfield code='0'>(OCoLC)fst01054363</subfield>
            </datafield>
            <datafield ind1=' ' ind2='7' tag='650'>
                  <subfield code='a'>Wampum belts.</subfield>
                  <subfield code='2'>fast</subfield>
                  <subfield code='0'>(OCoLC)fst01170268</subfield>
            </datafield>
            <datafield ind1=' ' ind2='7' tag='655'>
                  <subfield code='a'>Texts.</subfield>
                  <subfield code='2'>fast</subfield>
                  <subfield code='0'>(OCoLC)fst01423705</subfield>
            </datafield>
            <datafield ind1='1' ind2=' ' tag='700'>
                  <subfield code='a'>Leavitt, Robert M.</subfield>
            </datafield>
            <datafield ind1='1' ind2=' ' tag='700'>
                  <subfield code='a'>Francis, David A.</subfield>
            </datafield>
            <datafield ind1='1' ind2='2' tag='700'>
                  <subfield code='a'>Speck, Frank G.</subfield>
                  <subfield code='q'>(Frank Gouldsmith),</subfield>
                  <subfield code='d'>1881-1950.</subfield>
                  <subfield code='t'>Eastern Algonkian Wabanaki Confederacy.</subfield>
            </datafield>
            <datafield ind1='1' ind2='2' tag='700'>
                  <subfield code='a'>Walker, Willard.</subfield>
                  <subfield code='t'>Wabanaki Wampum protocol.</subfield>
            </datafield>
            <datafield ind1='2' ind2=' ' tag='710'>
                  <subfield code='a'>Micmac-Maliseet Institute.</subfield>
            </datafield>
            <datafield ind1='0' ind2=' ' tag='740'>
                  <subfield code='a'>Wampum records.</subfield>
            </datafield>
            <datafield ind1='0' ind2='8' tag='776'>
                  <subfield code='i'>Online version:</subfield>
                  <subfield code='a'>Mitchell, Lewis, b. 1847.</subfield>
                  <subfield code='t'>Wapapi akonutomakonol.</subfield>
                  <subfield code='d'>Fredericton : Micmac-Maliseet Institute, University of New Brunswick, 1990</subfield>
                  <subfield code='w'>(OCoLC)652354169</subfield>
            </datafield>
            <datafield ind1=' ' ind2=' ' tag='910'>
                  <subfield code='c'>C0709mon</subfield>
                  <subfield code='d'>3110-10</subfield>
                  <subfield code='g'>YBP</subfield>
            </datafield>
            <datafield ind1=' ' ind2=' ' tag='960'>
                  <subfield code='o'>1</subfield>
                  <subfield code='z'>USD</subfield>
            </datafield>
            <datafield ind1=' ' ind2=' ' tag='961'>
                  <subfield code='f'>SAK</subfield>
                  <subfield code='m'>311010</subfield>
                  <subfield code='n'>Paper</subfield>
            </datafield>
            <datafield ind1=' ' ind2=' ' tag='980'>
                  <subfield code='a'>1082996</subfield>
                  <subfield code='i'>10.00</subfield>
            </datafield>
            <datafield ind1=' ' ind2=' ' tag='982'>
                  <subfield code='c'>f</subfield>
            </datafield>
            <datafield ind1=' ' ind2=' ' tag='984'>
                  <subfield code='a'>20230531</subfield>
                  <subfield code='b'>081036</subfield>
                  <subfield code='c'>YBP-US</subfield>
            </datafield>
            <datafield ind1=' ' ind2=' ' tag='AVA'>
                  <subfield code='0'>99127170846306421</subfield>
                  <subfield code='8'>22982065920006421</subfield>
                  <subfield code='a'>01PRI_INST</subfield>
                  <subfield code='b'>firestone</subfield>
                  <subfield code='c'>Stacks</subfield>
                  <subfield code='d'>E99.A13 M57 1990</subfield>
                  <subfield code='e'>unavailable</subfield>
                  <subfield code='f'>1</subfield>
                  <subfield code='g'>1</subfield>
                  <subfield code='j'>stacks</subfield>
                  <subfield code='k'>0</subfield>
                  <subfield code='p'>1</subfield>
                  <subfield code='q'>Firestone Library</subfield>
            </datafield>
      </record>