
      <record>
            <leader>01129cam a2200313 a 4500</leader>
            <controlfield tag='001'>996450763506421</controlfield>
            <controlfield tag='005'>20230125195139.0</controlfield>
            <controlfield tag='008'>910509s1988    mbc      b    000 0 eng^^</controlfield>
            <datafield ind1=' ' ind2=' ' tag='010'>
                  <subfield code='a'>89182945</subfield>
            </datafield>
            <datafield ind1=' ' ind2=' ' tag='020'>
                  <subfield code='a'>0921064063</subfield>
            </datafield>
            <datafield ind1=' ' ind2=' ' tag='035'>
                  <subfield code='a'>(CStRLIN)NJPG91-B22767</subfield>
            </datafield>
            <datafield ind1=' ' ind2=' ' tag='035'>
                  <subfield code='9'>ACY1322TS</subfield>
            </datafield>
            <datafield ind1=' ' ind2=' ' tag='035'>
                  <subfield code='a'>(NjP)645076-princetondb</subfield>
            </datafield>
            <datafield ind1=' ' ind2=' ' tag='035'>
                  <subfield code='a'>(OCoLC)ocm21196128</subfield>
            </datafield>
            <datafield ind1=' ' ind2=' ' tag='035'>
                  <subfield code='z'>(NjP)Voyager645076</subfield>
            </datafield>
            <datafield ind1=' ' ind2=' ' tag='040'>
                  <subfield code='a'>DLC</subfield>
                  <subfield code='b'>eng</subfield>
                  <subfield code='c'>DLC</subfield>
                  <subfield code='d'>DLC</subfield>
                  <subfield code='d'>NjP</subfield>
            </datafield>
            <datafield ind1='0' ind2=' ' tag='041'>
                  <subfield code='a'>eng</subfield>
                  <subfield code='a'>alg</subfield>
            </datafield>
            <datafield ind1='0' ind2='0' tag='050'>
                  <subfield code='a'>PM1526.Z5</subfield>
                  <subfield code='b'>V6 1988</subfield>
            </datafield>
            <datafield ind1='1' ind2=' ' tag='100'>
                  <subfield code='a'>Voorhis, Paul H.</subfield>
                  <subfield code='0'>http://id.loc.gov/authorities/names/n80134436</subfield>
            </datafield>
            <datafield ind1='1' ind2='0' tag='245'>
                  <subfield code='a'>Kickapoo vocabulary /</subfield>
                  <subfield code='c'>Paul H. Voorhis.</subfield>
            </datafield>
            <datafield ind1=' ' ind2=' ' tag='260'>
                  <subfield code='a'>Winnipeg, Man., Canada :</subfield>
                  <subfield code='b'>Algonquian and Iroquoian Linguistics,</subfield>
                  <subfield code='c'>1988.</subfield>
            </datafield>
            <datafield ind1=' ' ind2=' ' tag='300'>
                  <subfield code='a'>205 p. ;</subfield>
                  <subfield code='c'>28 cm.</subfield>
            </datafield>
            <datafield ind1=' ' ind2='0' tag='440'>
                  <subfield code='a'>Algonquian and Iroquoian linguistics.</subfield>
                  <subfield code='p'>Memoir ;</subfield>
                  <subfield code='v'>6</subfield>
            </datafield>
            <datafield ind1=' ' ind2=' ' tag='504'>
                  <subfield code='a'>Includes bibliographical references (p. 205)</subfield>
            </datafield>
            <datafield ind1=' ' ind2='0' tag='650'>
                  <subfield code='a'>Kickapoo language</subfield>
                  <subfield code='x'>Glossaries, vocabularies, etc.</subfield>
            </datafield>
            <datafield ind1=' ' ind2=' ' tag='911'>
                  <subfield code='a'>19930311</subfield>
            </datafield>
            <datafield ind1=' ' ind2=' ' tag='912'>
                  <subfield code='a'>19930203000000.0</subfield>
            </datafield>
            <datafield ind1=' ' ind2=' ' tag='914'>
                  <subfield code='a'>(OCoLC)ocm21196128</subfield>
                  <subfield code='b'>OCoLC</subfield>
                  <subfield code='c'>match</subfield>
                  <subfield code='d'>20230125</subfield>
                  <subfield code='e'>processed</subfield>
                  <subfield code='f'>21196128</subfield>
            </datafield>
            <datafield ind1=' ' ind2=' ' tag='998'>
                  <subfield code='a'>02/03/93</subfield>
                  <subfield code='s'>9110</subfield>
                  <subfield code='n'>NjP</subfield>
                  <subfield code='w'>DCLC89182945B</subfield>
                  <subfield code='d'>05/09/91</subfield>
                  <subfield code='c'>MWC</subfield>
                  <subfield code='b'>DGB</subfield>
                  <subfield code='i'>930203</subfield>
                  <subfield code='l'>NJPG</subfield>
            </datafield>
            <datafield ind1=' ' ind2=' ' tag='AVA'>
                  <subfield code='0'>996450763506421</subfield>
                  <subfield code='8'>22614157890006421</subfield>
                  <subfield code='a'>01PRI_INST</subfield>
                  <subfield code='b'>firestone</subfield>
                  <subfield code='c'>Stacks</subfield>
                  <subfield code='d'>PM1526.Z5 V6 1988</subfield>
                  <subfield code='e'>available</subfield>
                  <subfield code='f'>1</subfield>
                  <subfield code='g'>0</subfield>
                  <subfield code='j'>stacks</subfield>
                  <subfield code='k'>0</subfield>
                  <subfield code='p'>1</subfield>
                  <subfield code='q'>Firestone Library</subfield>
            </datafield>
      </record>