
      <record>
            <leader>01444cam a2200373 a 4500</leader>
            <controlfield tag='001'>995063853506421</controlfield>
            <controlfield tag='005'>20240812124717.0</controlfield>
            <controlfield tag='008'>890419s1988    pauh     b    001 0 eng d</controlfield>
            <datafield ind1=' ' ind2=' ' tag='010'>
                  <subfield code='a'>87072874</subfield>
            </datafield>
            <datafield ind1=' ' ind2=' ' tag='020'>
                  <subfield code='a'>087169185X</subfield>
            </datafield>
            <datafield ind1=' ' ind2=' ' tag='035'>
                  <subfield code='a'>(CStRLIN)NJPG89-B19259</subfield>
            </datafield>
            <datafield ind1=' ' ind2=' ' tag='035'>
                  <subfield code='9'>ACJ2165TS</subfield>
            </datafield>
            <datafield ind1=' ' ind2=' ' tag='035'>
                  <subfield code='a'>(NjP)506385-princetondb</subfield>
            </datafield>
            <datafield ind1=' ' ind2=' ' tag='035'>
                  <subfield code='a'>(OCoLC)ocm19572765</subfield>
            </datafield>
            <datafield ind1=' ' ind2=' ' tag='035'>
                  <subfield code='z'>(NjP)Voyager506385</subfield>
            </datafield>
            <datafield ind1=' ' ind2=' ' tag='040'>
                  <subfield code='a'>NjP</subfield>
                  <subfield code='b'>eng</subfield>
                  <subfield code='c'>NjP</subfield>
            </datafield>
            <datafield ind1='1' ind2=' ' tag='041'>
                  <subfield code='a'>eng</subfield>
                  <subfield code='a'>alg</subfield>
                  <subfield code='h'>alg</subfield>
            </datafield>
            <datafield ind1=' ' ind2=' ' tag='043'>
                  <subfield code='a'>n-us---</subfield>
            </datafield>
            <datafield ind1='1' ind2=' ' tag='100'>
                  <subfield code='a'>Goddard, Ives,</subfield>
                  <subfield code='d'>1941-</subfield>
                  <subfield code='0'>http://id.loc.gov/authorities/names/n78096255</subfield>
            </datafield>
            <datafield ind1='1' ind2='0' tag='245'>
                  <subfield code='a'>Native writings in Massachusett /Ives Goddard and Kathleen J. Bragdon.</subfield>
            </datafield>
            <datafield ind1=' ' ind2=' ' tag='260'>
                  <subfield code='a'>Philadelphia :</subfield>
                  <subfield code='b'>American Philosophical Society,</subfield>
                  <subfield code='c'>1988.</subfield>
            </datafield>
            <datafield ind1=' ' ind2=' ' tag='300'>
                  <subfield code='a'>2 v. (xxiv, 791 p.) :</subfield>
                  <subfield code='b'>facsims. ;</subfield>
                  <subfield code='c'>32 cm.</subfield>
            </datafield>
            <datafield ind1=' ' ind2='0' tag='440'>
                  <subfield code='a'>Memoirs of the American Philosophical Society,</subfield>
                  <subfield code='x'>0065-9738 ;</subfield>
                  <subfield code='v'>v. 185.</subfield>
            </datafield>
            <datafield ind1=' ' ind2=' ' tag='504'>
                  <subfield code='a'>Bibliography: p. 785-791.</subfield>
            </datafield>
            <datafield ind1=' ' ind2=' ' tag='500'>
                  <subfield code='a'>Includes indexes.</subfield>
            </datafield>
            <datafield ind1=' ' ind2='0' tag='650'>
                  <subfield code='a'>Massachuset language</subfield>
                  <subfield code='x'>Grammar.</subfield>
            </datafield>
            <datafield ind1=' ' ind2='0' tag='650'>
                  <subfield code='a'>Massachuset language</subfield>
                  <subfield code='x'>Texts.</subfield>
            </datafield>
            <datafield ind1=' ' ind2='0' tag='650'>
                  <subfield code='a'>Massachuset Indians</subfield>
                  <subfield code='x'>History</subfield>
                  <subfield code='x'>Sources.</subfield>
            </datafield>
            <datafield ind1=' ' ind2='0' tag='650'>
                  <subfield code='a'>Indians of North America</subfield>
                  <subfield code='z'>Massachusetts</subfield>
                  <subfield code='x'>History</subfield>
                  <subfield code='x'>Sources.</subfield>
            </datafield>
            <datafield ind1='1' ind2=' ' tag='700'>
                  <subfield code='a'>Bragdon, Kathleen Joan.</subfield>
                  <subfield code='0'>http://id.loc.gov/authorities/names/n88675730</subfield>
            </datafield>
            <datafield ind1=' ' ind2=' ' tag='911'>
                  <subfield code='a'>19921028</subfield>
            </datafield>
            <datafield ind1=' ' ind2=' ' tag='912'>
                  <subfield code='a'>19900508000000.0</subfield>
            </datafield>
            <datafield ind1=' ' ind2=' ' tag='914'>
                  <subfield code='a'>(OCoLC)ocm19572765</subfield>
                  <subfield code='b'>OCoLC</subfield>
                  <subfield code='c'>match</subfield>
                  <subfield code='d'>20221117</subfield>
                  <subfield code='e'>processed</subfield>
                  <subfield code='f'>19572765</subfield>
            </datafield>
            <datafield ind1=' ' ind2=' ' tag='998'>
                  <subfield code='a'>04/19/89</subfield>
                  <subfield code='s'>9118</subfield>
                  <subfield code='n'>NjP</subfield>
                  <subfield code='w'>DCLC8772874B</subfield>
                  <subfield code='d'>04/19/89</subfield>
                  <subfield code='c'>SBY</subfield>
                  <subfield code='b'>SBY</subfield>
                  <subfield code='i'>890419</subfield>
                  <subfield code='l'>NJPG</subfield>
            </datafield>
            <datafield ind1=' ' ind2=' ' tag='AVA'>
                  <subfield code='0'>995063853506421</subfield>
                  <subfield code='8'>22577305730006421</subfield>
                  <subfield code='a'>01PRI_INST</subfield>
                  <subfield code='b'>firestone</subfield>
                  <subfield code='c'>Stacks</subfield>
                  <subfield code='d'>Oversize PM1736 .G62q</subfield>
                  <subfield code='e'>unavailable</subfield>
                  <subfield code='f'>2</subfield>
                  <subfield code='g'>2</subfield>
                  <subfield code='j'>stacks</subfield>
                  <subfield code='k'>0</subfield>
                  <subfield code='p'>1</subfield>
                  <subfield code='q'>Firestone Library</subfield>
            </datafield>
      </record>