
      <record>
            <leader>00929cam a2200277   4500</leader>
            <controlfield tag='001'>9911258893506421</controlfield>
            <controlfield tag='005'>20240829043028.0</controlfield>
            <controlfield tag='008'>790713r1904uuuupau           000 0 eng d</controlfield>
            <datafield ind1=' ' ind2=' ' tag='035'>
                  <subfield code='9'>CCM2499TS</subfield>
            </datafield>
            <datafield ind1=' ' ind2=' ' tag='035'>
                  <subfield code='a'>(NjP)1125889-princetondb</subfield>
            </datafield>
            <datafield ind1=' ' ind2=' ' tag='035'>
                  <subfield code='z'>(NjP)Voyager1125889</subfield>
            </datafield>
            <datafield ind1=' ' ind2=' ' tag='035'>
                  <subfield code='a'>(OCoLC)ocm05169440</subfield>
            </datafield>
            <datafield ind1=' ' ind2=' ' tag='040'>
                  <subfield code='a'>CLE</subfield>
                  <subfield code='b'>eng</subfield>
                  <subfield code='c'>CLE</subfield>
                  <subfield code='d'>PUL</subfield>
            </datafield>
            <datafield ind1='0' ind2=' ' tag='041'>
                  <subfield code='a'>eng</subfield>
                  <subfield code='a'>alg</subfield>
            </datafield>
            <datafield ind1=' ' ind2='4' tag='050'>
                  <subfield code='a'>PM605</subfield>
            </datafield>
            <datafield ind1=' ' ind2=' ' tag='092'>
                  <subfield code='a'>137.11</subfield>
                  <subfield code='b'>J728s</subfield>
            </datafield>
            <datafield ind1='1' ind2=' ' tag='100'>
                  <subfield code='a'>Jones, William,</subfield>
                  <subfield code='d'>1871-1909.</subfield>
                  <subfield code='0'>http://id.loc.gov/authorities/names/n82037076</subfield>
            </datafield>
            <datafield ind1='1' ind2='0' tag='245'>
                  <subfield code='a'>Some principles of Algonquian word-formation.</subfield>
            </datafield>
            <datafield ind1=' ' ind2=' ' tag='260'>
                  <subfield code='a'>Lancaster, Pa.,</subfield>
                  <subfield code='c'>1904.</subfield>
            </datafield>
            <datafield ind1=' ' ind2=' ' tag='300'>
                  <subfield code='a'>[43] p.</subfield>
            </datafield>
            <datafield ind1=' ' ind2=' ' tag='500'>
                  <subfield code='a'>Cover-title.</subfield>
            </datafield>
            <datafield ind1=' ' ind2=' ' tag='500'>
                  <subfield code='a'>&quot;Reprinted from the American anthropologist, N.S., vol. 6, no. 3, p. 369-411.&quot;</subfield>
            </datafield>
            <datafield ind1='0' ind2=' ' tag='852'>
                  <subfield code='b'>f</subfield>
                  <subfield code='h'>PM121</subfield>
                  <subfield code='i'>.J664 1904</subfield>
                  <subfield code='p'>1291902</subfield>
                  <subfield code='x'>reclassed from: 2028.118.5</subfield>
            </datafield>
            <datafield ind1=' ' ind2=' ' tag='911'>
                  <subfield code='a'>20000402</subfield>
            </datafield>
            <datafield ind1=' ' ind2=' ' tag='914'>
                  <subfield code='a'>(OCoLC)ocm05169440</subfield>
                  <subfield code='b'>OCoLC</subfield>
                  <subfield code='c'>match</subfield>
                  <subfield code='d'>20240828</subfield>
                  <subfield code='e'>processed</subfield>
                  <subfield code='f'>5169440</subfield>
            </datafield>
            <datafield ind1=' ' ind2=' ' tag='947'>
                  <subfield code='a'>CCM2499</subfield>
            </datafield>
            <datafield ind1=' ' ind2=' ' tag='AVA'>
                  <subfield code='0'>9911258893506421</subfield>
                  <subfield code='8'>22545861050006421</subfield>
                  <subfield code='a'>01PRI_INST</subfield>
                  <subfield code='b'>firestone</subfield>
                  <subfield code='c'>Stacks</subfield>
                  <subfield code='d'>PM121 .J664 1904</subfield>
                  <subfield code='e'>available</subfield>
                  <subfield code='f'>1</subfield>
                  <subfield code='g'>0</subfield>
                  <subfield code='j'>stacks</subfield>
                  <subfield code='k'>0</subfield>
                  <subfield code='p'>1</subfield>
                  <subfield code='q'>Firestone Library</subfield>
            </datafield>
            <datafield ind1=' ' ind2=' ' tag='AVE'>
                  <subfield code='8'>53871312510006421</subfield>
                  <subfield code='e'>Available</subfield>
                  <subfield code='l'>online</subfield>
                  <subfield code='a'>01PRI_INST</subfield>
                  <subfield code='0'>9911258893506421</subfield>
            </datafield>
      </record>