
      <record>
            <leader>01864cam a2200373Ia 4500</leader>
            <controlfield tag='001'>9936369913506421</controlfield>
            <controlfield tag='005'>20200826145218.0</controlfield>
            <controlfield tag='007'>hd afv---baca</controlfield>
            <controlfield tag='008'>850916s1700    mau     a     000 0 eng d</controlfield>
            <datafield ind1=' ' ind2=' ' tag='035'>
                  <subfield code='a'>(OCoLC)ocm12561222</subfield>
            </datafield>
            <datafield ind1=' ' ind2=' ' tag='035'>
                  <subfield code='a'>(NjP)3636991-princetondb</subfield>
            </datafield>
            <datafield ind1=' ' ind2=' ' tag='035'>
                  <subfield code='z'>(NjP)Voyager3636991</subfield>
            </datafield>
            <datafield ind1=' ' ind2=' ' tag='037'>
                  <subfield code='a'>CL0037000023</subfield>
                  <subfield code='b'>UMI</subfield>
            </datafield>
            <datafield ind1=' ' ind2=' ' tag='040'>
                  <subfield code='a'>EAA</subfield>
                  <subfield code='c'>EAA</subfield>
                  <subfield code='d'>UMI</subfield>
            </datafield>
            <datafield ind1='0' ind2=' ' tag='041'>
                  <subfield code='a'>algeng</subfield>
            </datafield>
            <datafield ind1=' ' ind2=' ' tag='043'>
                  <subfield code='a'>n-us-ma</subfield>
            </datafield>
            <datafield ind1=' ' ind2='4' tag='050'>
                  <subfield code='a'>Z1215</subfield>
            </datafield>
            <datafield ind1=' ' ind2=' ' tag='099'>
                  <subfield code='a'>0419.922</subfield>
                  <subfield code='a'>768:16.</subfield>
            </datafield>
            <datafield ind1='1' ind2=' ' tag='100'>
                  <subfield code='a'>Mather, Cotton,</subfield>
                  <subfield code='d'>1663-1728.</subfield>
                  <subfield code='0'>http://id.loc.gov/authorities/names/n79128955</subfield>
            </datafield>
            <datafield ind1='1' ind2='3' tag='245'>
                  <subfield code='a'>An epistle to the Christian Indians, giving them a short account, of what the English desire them to know and to do, in order to their happiness</subfield>
                  <subfield code='h'>microform /</subfield>
                  <subfield code='c'>written by an English minister, at the desire of an English magistrate, who sends unto them this token of love.</subfield>
            </datafield>
            <datafield ind1=' ' ind2=' ' tag='260'>
                  <subfield code='a'>Boston :</subfield>
                  <subfield code='b'>Printed by Bartholomew Green, and John Allen,</subfield>
                  <subfield code='c'>1700.</subfield>
            </datafield>
            <datafield ind1=' ' ind2=' ' tag='265'>
                  <subfield code='a'>University Microfilms International, 300 N. Zeeb Road, Ann Arbor, MI 48106.</subfield>
            </datafield>
            <datafield ind1=' ' ind2=' ' tag='300'>
                  <subfield code='a'>[2], 14 [i.e. 28] p.</subfield>
            </datafield>
            <datafield ind1=' ' ind2=' ' tag='500'>
                  <subfield code='a'>Facing pages are numbered as one.</subfield>
            </datafield>
            <datafield ind1=' ' ind2=' ' tag='500'>
                  <subfield code='a'>Massachuset and English on opposite pages.</subfield>
            </datafield>
            <datafield ind1=' ' ind2=' ' tag='500'>
                  <subfield code='a'>Added t.p. in Massachuset: Wussukwhonk en Christianeue asuh peantamwae Indianog ... / wussukwhosik nashpe Cotton Mather ... Mvshavwomvk : Printeuun nashpe Bartholomew Green kah John Allen, 1700.</subfield>
            </datafield>
            <datafield ind1=' ' ind2=' ' tag='500'>
                  <subfield code='a'>Reproduction of original in Huntington Library.</subfield>
            </datafield>
            <datafield ind1='4' ind2=' ' tag='510'>
                  <subfield code='a'>Wing</subfield>
                  <subfield code='c'>M1178</subfield>
            </datafield>
            <datafield ind1='4' ind2=' ' tag='510'>
                  <subfield code='a'>Evans</subfield>
                  <subfield code='c'>936</subfield>
            </datafield>
            <datafield ind1=' ' ind2=' ' tag='533'>
                  <subfield code='a'>Microfilm.</subfield>
                  <subfield code='b'>Ann Arbor, Mich. :</subfield>
                  <subfield code='c'>University Microfilms,</subfield>
                  <subfield code='d'>1977.</subfield>
                  <subfield code='e'>1 microfilm reel. 35 mm.</subfield>
                  <subfield code='f'>(Early English books, 1641-1700 ; 768:16)</subfield>
                  <subfield code='7'>s1977    miun a</subfield>
            </datafield>
            <datafield ind1=' ' ind2='0' tag='650'>
                  <subfield code='a'>Indians of North America</subfield>
                  <subfield code='z'>Massachusetts</subfield>
                  <subfield code='x'>Missions.</subfield>
            </datafield>
            <datafield ind1=' ' ind2='0' tag='650'>
                  <subfield code='a'>Indians of North America</subfield>
                  <subfield code='x'>Languages.</subfield>
                  <subfield code='0'>http://id.loc.gov/authorities/subjects/sh85065312</subfield>
            </datafield>
            <datafield ind1=' ' ind2='0' tag='830'>
                  <subfield code='a'>Early English books, 1641-1700 ;</subfield>
                  <subfield code='v'>768:16.</subfield>
            </datafield>
            <datafield ind1=' ' ind2=' ' tag='945'>
                  <subfield code='a'>flm</subfield>
                  <subfield code='b'>1</subfield>
                  <subfield code='c'>0419.922</subfield>
                  <subfield code='d'>768:16.</subfield>
            </datafield>
            <datafield ind1=' ' ind2=' ' tag='994'>
                  <subfield code='a'>92</subfield>
                  <subfield code='b'>PUL</subfield>
            </datafield>
            <datafield ind1=' ' ind2=' ' tag='AVA'>
                  <subfield code='0'>9936369913506421</subfield>
                  <subfield code='8'>22487348180006421</subfield>
                  <subfield code='a'>01PRI_INST</subfield>
                  <subfield code='b'>firestone</subfield>
                  <subfield code='c'>Microforms Services (Film)</subfield>
                  <subfield code='d'>0419.922 768:16.</subfield>
                  <subfield code='e'>check_holdings</subfield>
                  <subfield code='j'>flm</subfield>
                  <subfield code='k'>8</subfield>
                  <subfield code='p'>1</subfield>
                  <subfield code='q'>Firestone Library</subfield>
            </datafield>
      </record>