
      <record>
            <leader>01797cam a2200397Ia 4500</leader>
            <controlfield tag='001'>9936400213506421</controlfield>
            <controlfield tag='005'>20200826145620.0</controlfield>
            <controlfield tag='007'>hd afv---baca</controlfield>
            <controlfield tag='007'>hz bfv---baaa</controlfield>
            <controlfield tag='008'>830526s1698    xx      a     000 0 alg d</controlfield>
            <datafield ind1=' ' ind2=' ' tag='035'>
                  <subfield code='a'>(OCoLC)ocm09551029</subfield>
            </datafield>
            <datafield ind1=' ' ind2=' ' tag='035'>
                  <subfield code='a'>(NjP)3640021-princetondb</subfield>
            </datafield>
            <datafield ind1=' ' ind2=' ' tag='035'>
                  <subfield code='z'>(NjP)Voyager3640021</subfield>
            </datafield>
            <datafield ind1=' ' ind2=' ' tag='037'>
                  <subfield code='a'>CL0037000045</subfield>
                  <subfield code='b'>University Microfilms International</subfield>
            </datafield>
            <datafield ind1=' ' ind2=' ' tag='040'>
                  <subfield code='a'>UMI</subfield>
                  <subfield code='c'>UMI</subfield>
            </datafield>
            <datafield ind1='1' ind2=' ' tag='041'>
                  <subfield code='a'>alg</subfield>
                  <subfield code='a'>eng</subfield>
                  <subfield code='h'>eng</subfield>
            </datafield>
            <datafield ind1=' ' ind2=' ' tag='045'>
                  <subfield code='a'>u-u-</subfield>
            </datafield>
            <datafield ind1=' ' ind2='4' tag='050'>
                  <subfield code='a'>BT800</subfield>
            </datafield>
            <datafield ind1=' ' ind2=' ' tag='090'>
                  <subfield code='a'>BT800</subfield>
                  <subfield code='b'>.M37</subfield>
            </datafield>
            <datafield ind1=' ' ind2=' ' tag='099'>
                  <subfield code='a'>0419.922</subfield>
                  <subfield code='a'>1335:21.</subfield>
            </datafield>
            <datafield ind1='1' ind2=' ' tag='100'>
                  <subfield code='a'>Mather, Increase,</subfield>
                  <subfield code='d'>1639-1723.</subfield>
                  <subfield code='0'>http://id.loc.gov/authorities/names/n50044161</subfield>
            </datafield>
            <datafield ind1='1' ind2='0' tag='245'>
                  <subfield code='a'>Mafukkenukeeg matcheseaaenvog wequetoog kah wuttooaatoog uppevaonont Christoh kah ne yeuyeu teanuk</subfield>
                  <subfield code='h'>microform :</subfield>
                  <subfield code='b'>wonk ahche nunnukquodt missinninnuk ukquohquenaount wutaiuskoianatamooonganoo ... /</subfield>
                  <subfield code='c'>nashpe Increase Mather.</subfield>
            </datafield>
            <datafield ind1=' ' ind2=' ' tag='260'>
                  <subfield code='a'>Bostonut :</subfield>
                  <subfield code='b'>Printuoop nashpe Bartholomew Green kah John Allen,</subfield>
                  <subfield code='c'>1698.</subfield>
            </datafield>
            <datafield ind1=' ' ind2=' ' tag='265'>
                  <subfield code='a'>University Microfilms International, 300 N. Zeeb Rd., Ann Arbor, MI 48106</subfield>
            </datafield>
            <datafield ind1=' ' ind2=' ' tag='300'>
                  <subfield code='a'>162, [2] p.</subfield>
            </datafield>
            <datafield ind1=' ' ind2=' ' tag='500'>
                  <subfield code='a'>&quot;Epistle dedicatory&quot; and &quot;Postscript&quot; in English.</subfield>
            </datafield>
            <datafield ind1=' ' ind2=' ' tag='500'>
                  <subfield code='a'>Translation of Mather&apos;s &quot;The greatest sinners exhorted and encouraged to come to Christ.</subfield>
            </datafield>
            <datafield ind1=' ' ind2=' ' tag='500'>
                  <subfield code='a'>Reproduction of original in the Huntington Library.</subfield>
            </datafield>
            <datafield ind1='4' ind2=' ' tag='510'>
                  <subfield code='a'>Wing</subfield>
                  <subfield code='c'>M1227.</subfield>
            </datafield>
            <datafield ind1=' ' ind2=' ' tag='533'>
                  <subfield code='a'>Microfilm.</subfield>
                  <subfield code='b'>Ann Arbor, Mich. :</subfield>
                  <subfield code='c'>University Microfilms International,</subfield>
                  <subfield code='d'>1982.</subfield>
                  <subfield code='e'>1 microfilm reel ; 35 mm.</subfield>
                  <subfield code='f'>(Early English books, 1641-1700 ; 1335:21)</subfield>
                  <subfield code='7'>s1982    miun a</subfield>
            </datafield>
            <datafield ind1=' ' ind2='0' tag='650'>
                  <subfield code='a'>Repentance</subfield>
                  <subfield code='x'>Sermons.</subfield>
            </datafield>
            <datafield ind1=' ' ind2='0' tag='650'>
                  <subfield code='a'>Massachuset language</subfield>
                  <subfield code='x'>Texts.</subfield>
            </datafield>
            <datafield ind1=' ' ind2='0' tag='650'>
                  <subfield code='a'>Sermons, American</subfield>
                  <subfield code='y'>17th century.</subfield>
            </datafield>
            <datafield ind1='1' ind2=' ' tag='700'>
                  <subfield code='a'>Danforth, Samuel,</subfield>
                  <subfield code='d'>1666-1727.</subfield>
                  <subfield code='0'>http://id.loc.gov/authorities/names/n85024001</subfield>
            </datafield>
            <datafield ind1=' ' ind2='0' tag='830'>
                  <subfield code='a'>Early English books, 1641-1700 ;</subfield>
                  <subfield code='v'>1335:21.</subfield>
            </datafield>
            <datafield ind1=' ' ind2=' ' tag='945'>
                  <subfield code='a'>flm</subfield>
                  <subfield code='b'>1</subfield>
                  <subfield code='c'>0419.922</subfield>
                  <subfield code='d'>1335:21.</subfield>
            </datafield>
            <datafield ind1=' ' ind2=' ' tag='994'>
                  <subfield code='a'>92</subfield>
                  <subfield code='b'>PUL</subfield>
            </datafield>
            <datafield ind1=' ' ind2=' ' tag='AVA'>
                  <subfield code='0'>9936400213506421</subfield>
                  <subfield code='8'>22717986890006421</subfield>
                  <subfield code='a'>01PRI_INST</subfield>
                  <subfield code='b'>firestone</subfield>
                  <subfield code='c'>Microforms Services (Film)</subfield>
                  <subfield code='d'>0419.922 1335:21.</subfield>
                  <subfield code='e'>check_holdings</subfield>
                  <subfield code='j'>flm</subfield>
                  <subfield code='k'>8</subfield>
                  <subfield code='p'>1</subfield>
                  <subfield code='q'>Firestone Library</subfield>
            </datafield>
      </record>