
      <record>
            <leader>02335cam a2200457Ia 4500</leader>
            <controlfield tag='001'>9936051303506421</controlfield>
            <controlfield tag='005'>20200826140723.0</controlfield>
            <controlfield tag='007'>hd afv---baca</controlfield>
            <controlfield tag='008'>851021s1698    xx      a     000 0 alg d</controlfield>
            <datafield ind1=' ' ind2=' ' tag='019'>
                  <subfield code='a'>12702211</subfield>
            </datafield>
            <datafield ind1=' ' ind2=' ' tag='035'>
                  <subfield code='a'>(OCoLC)ocm12701199</subfield>
            </datafield>
            <datafield ind1=' ' ind2=' ' tag='035'>
                  <subfield code='a'>(NjP)3605130-princetondb</subfield>
            </datafield>
            <datafield ind1=' ' ind2=' ' tag='035'>
                  <subfield code='z'>(OCoLC)12702211</subfield>
            </datafield>
            <datafield ind1=' ' ind2=' ' tag='035'>
                  <subfield code='z'>(NjP)Voyager3605130</subfield>
            </datafield>
            <datafield ind1=' ' ind2=' ' tag='037'>
                  <subfield code='a'>CL0037000031</subfield>
                  <subfield code='b'>UMI</subfield>
            </datafield>
            <datafield ind1=' ' ind2=' ' tag='037'>
                  <subfield code='a'>CL0037000045</subfield>
                  <subfield code='b'>UMI</subfield>
            </datafield>
            <datafield ind1=' ' ind2=' ' tag='040'>
                  <subfield code='a'>EAA</subfield>
                  <subfield code='c'>EAA</subfield>
                  <subfield code='d'>UMI</subfield>
                  <subfield code='d'>OCL</subfield>
            </datafield>
            <datafield ind1='1' ind2=' ' tag='041'>
                  <subfield code='a'>alg</subfield>
                  <subfield code='h'>eng</subfield>
            </datafield>
            <datafield ind1=' ' ind2='4' tag='050'>
                  <subfield code='a'>Z2002</subfield>
            </datafield>
            <datafield ind1=' ' ind2=' ' tag='099'>
                  <subfield code='a'>0419.922</subfield>
                  <subfield code='a'>966:7.</subfield>
                  <subfield code='a'>1335:21.</subfield>
            </datafield>
            <datafield ind1='1' ind2=' ' tag='100'>
                  <subfield code='a'>Mather, Increase,</subfield>
                  <subfield code='d'>1639-1723.</subfield>
                  <subfield code='0'>http://id.loc.gov/authorities/names/n50044161</subfield>
            </datafield>
            <datafield ind1='1' ind2='0' tag='240'>
                  <subfield code='a'>Greatest sinners exhorted and encouraged to come to Christ.</subfield>
                  <subfield code='l'>Massachuset</subfield>
            </datafield>
            <datafield ind1='0' ind2='0' tag='245'>
                  <subfield code='a'>Masukkenukeeg matcheseaenvog wequetoog kah wuttooanatoog uppevaonont Christoh kah ne yeu yeu teanuk wonk, ahche nunnukquodt missinninnuh ukquohquenaount wutaiuskoianatamooonganoo</subfield>
                  <subfield code='h'>microform :</subfield>
                  <subfield code='b'>kah keketookaonk papaume wussittumwae kesukodtum : kah papaume nawhutch onkategeh wunnomwayeuongasti /</subfield>
                  <subfield code='c'>nashpe Increase Mather ... ; yeush kukkookootomwehteaongash qushkinnumunash en Indiane unnontoowaonganit nashpe S.D.</subfield>
            </datafield>
            <datafield ind1=' ' ind2=' ' tag='260'>
                  <subfield code='a'>Bostonut :</subfield>
                  <subfield code='b'>Printuoop nashpe Bartholomew Green, kah John Allen,</subfield>
                  <subfield code='c'>1698.</subfield>
            </datafield>
            <datafield ind1=' ' ind2=' ' tag='265'>
                  <subfield code='a'>University Microfilms International, 300 N. Zeeb Rd., Ann Arbor, MI 48106</subfield>
            </datafield>
            <datafield ind1=' ' ind2=' ' tag='300'>
                  <subfield code='a'>164 p.</subfield>
            </datafield>
            <datafield ind1=' ' ind2=' ' tag='500'>
                  <subfield code='a'>Reproduction of original in Huntington Library.</subfield>
            </datafield>
            <datafield ind1=' ' ind2=' ' tag='500'>
                  <subfield code='a'>A translation into Massachuset of Mather&apos;s &quot;The greatest sinners exhorted and encouraged to come to Christ.&quot;</subfield>
            </datafield>
            <datafield ind1=' ' ind2=' ' tag='500'>
                  <subfield code='a'>Dedicatory epistle and postscript in English.</subfield>
            </datafield>
            <datafield ind1=' ' ind2=' ' tag='500'>
                  <subfield code='a'>Postscript signed: Samuel Danforth.</subfield>
            </datafield>
            <datafield ind1=' ' ind2=' ' tag='500'>
                  <subfield code='a'>This item appears at reels 966:7 and 1335:21.</subfield>
            </datafield>
            <datafield ind1='4' ind2=' ' tag='510'>
                  <subfield code='a'>Wing</subfield>
                  <subfield code='c'>M1227</subfield>
            </datafield>
            <datafield ind1='4' ind2=' ' tag='510'>
                  <subfield code='a'>Evans</subfield>
                  <subfield code='c'>832</subfield>
            </datafield>
            <datafield ind1=' ' ind2=' ' tag='533'>
                  <subfield code='a'>Microfilm.</subfield>
                  <subfield code='b'>Ann Arbor, Mich. :</subfield>
                  <subfield code='c'>University Microfilms International,</subfield>
                  <subfield code='d'>1979 and 1982.</subfield>
                  <subfield code='e'>1 microfilm reel ; 35 mm.</subfield>
                  <subfield code='f'>(Early English books, 1641-1700 ; 966:7 and 1335:21)</subfield>
                  <subfield code='7'>s1979    miun a</subfield>
            </datafield>
            <datafield ind1=' ' ind2='0' tag='650'>
                  <subfield code='a'>Sin</subfield>
                  <subfield code='x'>Sermons.</subfield>
            </datafield>
            <datafield ind1=' ' ind2='0' tag='650'>
                  <subfield code='a'>Sermons, American</subfield>
                  <subfield code='y'>17th century.</subfield>
            </datafield>
            <datafield ind1=' ' ind2='0' tag='650'>
                  <subfield code='a'>Sermons, Massachuset</subfield>
                  <subfield code='y'>17th century.</subfield>
            </datafield>
            <datafield ind1='1' ind2=' ' tag='700'>
                  <subfield code='a'>Danforth, Samuel,</subfield>
                  <subfield code='d'>1666-1727.</subfield>
                  <subfield code='0'>http://id.loc.gov/authorities/names/n85024001</subfield>
            </datafield>
            <datafield ind1='0' ind2='1' tag='740'>
                  <subfield code='a'>Masukkenukeeg matcheseaenvog wequetoog.</subfield>
            </datafield>
            <datafield ind1=' ' ind2='0' tag='830'>
                  <subfield code='a'>Early English books, 1641-1700 ;</subfield>
                  <subfield code='v'>966:7.</subfield>
            </datafield>
            <datafield ind1=' ' ind2='0' tag='830'>
                  <subfield code='a'>Early English books, 1641-1700 ;</subfield>
                  <subfield code='v'>1335:21.</subfield>
            </datafield>
            <datafield ind1=' ' ind2=' ' tag='945'>
                  <subfield code='a'>flm</subfield>
                  <subfield code='b'>1</subfield>
                  <subfield code='c'>0419.922</subfield>
                  <subfield code='d'>966:7 and 1335:21.</subfield>
            </datafield>
            <datafield ind1=' ' ind2=' ' tag='994'>
                  <subfield code='a'>92</subfield>
                  <subfield code='b'>PUL</subfield>
            </datafield>
            <datafield ind1=' ' ind2=' ' tag='AVA'>
                  <subfield code='0'>9936051303506421</subfield>
                  <subfield code='8'>22665347180006421</subfield>
                  <subfield code='a'>01PRI_INST</subfield>
                  <subfield code='b'>firestone</subfield>
                  <subfield code='c'>Microforms Services (Film)</subfield>
                  <subfield code='d'>0419.922966:7. 1335:21.</subfield>
                  <subfield code='e'>check_holdings</subfield>
                  <subfield code='j'>flm</subfield>
                  <subfield code='k'>8</subfield>
                  <subfield code='p'>1</subfield>
                  <subfield code='q'>Firestone Library</subfield>
            </datafield>
      </record>