
      <record>
            <leader>01702cam a2200385Ia 4500</leader>
            <controlfield tag='001'>9936110683506421</controlfield>
            <controlfield tag='005'>20200826141523.0</controlfield>
            <controlfield tag='007'>hd afv---baca</controlfield>
            <controlfield tag='007'>hz bfv---baaa</controlfield>
            <controlfield tag='008'>840915s1685    xx      a     000 0 alg d</controlfield>
            <datafield ind1=' ' ind2=' ' tag='035'>
                  <subfield code='a'>(OCoLC)ocm11156852</subfield>
            </datafield>
            <datafield ind1=' ' ind2=' ' tag='035'>
                  <subfield code='a'>(NjP)3611068-princetondb</subfield>
            </datafield>
            <datafield ind1=' ' ind2=' ' tag='035'>
                  <subfield code='z'>(NjP)Voyager3611068</subfield>
            </datafield>
            <datafield ind1=' ' ind2=' ' tag='037'>
                  <subfield code='a'>CL0037000050</subfield>
                  <subfield code='b'>University Microfilms International</subfield>
            </datafield>
            <datafield ind1=' ' ind2=' ' tag='040'>
                  <subfield code='a'>UMI</subfield>
                  <subfield code='c'>UMI</subfield>
                  <subfield code='d'>UMI</subfield>
            </datafield>
            <datafield ind1='1' ind2=' ' tag='041'>
                  <subfield code='a'>alg</subfield>
                  <subfield code='h'>eng</subfield>
            </datafield>
            <datafield ind1=' ' ind2='4' tag='050'>
                  <subfield code='a'>BV4647.P5</subfield>
            </datafield>
            <datafield ind1=' ' ind2=' ' tag='090'>
                  <subfield code='a'>BV4647.P5</subfield>
                  <subfield code='b'>B9 1685</subfield>
            </datafield>
            <datafield ind1=' ' ind2=' ' tag='099'>
                  <subfield code='a'>0419.922</subfield>
                  <subfield code='a'>1435:7.</subfield>
            </datafield>
            <datafield ind1='1' ind2=' ' tag='100'>
                  <subfield code='a'>Bayly, Lewis,</subfield>
                  <subfield code='d'>approximately 1575-1631.</subfield>
                  <subfield code='0'>http://id.loc.gov/authorities/names/n83238533</subfield>
            </datafield>
            <datafield ind1='0' ind2='4' tag='240'>
                  <subfield code='a'>The practice of piety.</subfield>
                  <subfield code='l'>Algonquin.</subfield>
                  <subfield code='f'>1685</subfield>
            </datafield>
            <datafield ind1='1' ind2='0' tag='245'>
                  <subfield code='a'>Manitowompae pomantamoonk sampwshanau Christianoh</subfield>
                  <subfield code='h'>microform :</subfield>
                  <subfield code='b'>uttoh woh an pomantog wssikkitteahonat God.</subfield>
            </datafield>
            <datafield ind1=' ' ind2=' ' tag='260'>
                  <subfield code='a'>Cambridge [Mass.] :</subfield>
                  <subfield code='b'>Printed for the right honerable Corperation in London for the gospelizing the Indins in New-England,</subfield>
                  <subfield code='c'>1685.</subfield>
            </datafield>
            <datafield ind1=' ' ind2=' ' tag='265'>
                  <subfield code='a'>University Microfilms International, 300 N. Zeeb Rd., Ann Arbor, MI 48106</subfield>
            </datafield>
            <datafield ind1=' ' ind2=' ' tag='300'>
                  <subfield code='a'>333, [2] p.</subfield>
            </datafield>
            <datafield ind1=' ' ind2=' ' tag='500'>
                  <subfield code='a'>Running Title: Manitowompae pomantamoonk.</subfield>
            </datafield>
            <datafield ind1=' ' ind2=' ' tag='500'>
                  <subfield code='a'>Reproduction of original in the Harvard University Library.</subfield>
            </datafield>
            <datafield ind1='4' ind2=' ' tag='510'>
                  <subfield code='a'>Wing</subfield>
                  <subfield code='c'>B1476</subfield>
            </datafield>
            <datafield ind1=' ' ind2=' ' tag='533'>
                  <subfield code='a'>Microfilm.</subfield>
                  <subfield code='b'>Ann Arbor, Mich. :</subfield>
                  <subfield code='c'>University Microfilms International,</subfield>
                  <subfield code='d'>1983.</subfield>
                  <subfield code='e'>1 microfilm reel ; 35 mm.</subfield>
                  <subfield code='f'>(Early English books, 1641-1700 ; 1435:7)</subfield>
                  <subfield code='7'>s1983    miun a</subfield>
            </datafield>
            <datafield ind1=' ' ind2='0' tag='650'>
                  <subfield code='a'>Christian life</subfield>
                  <subfield code='x'>Anglican authors.</subfield>
                  <subfield code='0'>http://id.loc.gov/authorities/subjects/sh2008100662</subfield>
            </datafield>
            <datafield ind1=' ' ind2='0' tag='650'>
                  <subfield code='a'>Puritans</subfield>
                  <subfield code='x'>Apologetic works.</subfield>
            </datafield>
            <datafield ind1=' ' ind2='0' tag='650'>
                  <subfield code='a'>Algonquian languages</subfield>
                  <subfield code='x'>Texts.</subfield>
            </datafield>
            <datafield ind1='0' ind2='1' tag='740'>
                  <subfield code='a'>Manitowompae pomantamoonk.</subfield>
            </datafield>
            <datafield ind1=' ' ind2='0' tag='830'>
                  <subfield code='a'>Early English books, 1641-1700 ;</subfield>
                  <subfield code='v'>1435:7.</subfield>
            </datafield>
            <datafield ind1=' ' ind2=' ' tag='945'>
                  <subfield code='a'>flm</subfield>
                  <subfield code='b'>1</subfield>
                  <subfield code='c'>0419.922</subfield>
                  <subfield code='d'>1435:7.</subfield>
            </datafield>
            <datafield ind1=' ' ind2=' ' tag='994'>
                  <subfield code='a'>92</subfield>
                  <subfield code='b'>PUL</subfield>
            </datafield>
            <datafield ind1=' ' ind2=' ' tag='AVA'>
                  <subfield code='0'>9936110683506421</subfield>
                  <subfield code='8'>22587008080006421</subfield>
                  <subfield code='a'>01PRI_INST</subfield>
                  <subfield code='b'>firestone</subfield>
                  <subfield code='c'>Microforms Services (Film)</subfield>
                  <subfield code='d'>0419.922 1435:7.</subfield>
                  <subfield code='e'>check_holdings</subfield>
                  <subfield code='j'>flm</subfield>
                  <subfield code='k'>8</subfield>
                  <subfield code='p'>1</subfield>
                  <subfield code='q'>Firestone Library</subfield>
            </datafield>
      </record>
</collection>